3690 6008
98 240 136 296 dil
600 235 675 292 itta
692 234 854 292 AUCTORE
871 233 1045 290 asebaim.
1065 265 1101 277 -
1126 235 1191 292 Llil.
1209 237 1230 291 l.
1694 242 1730 302 'lb

99 355 167 424 quin
182 363 209 408 et
222 370 299 410 mare
314 358 422 412 transiit
447 357 625 427 angliamque
652 360 773 427 replerit.
802 358 887 412 Erciti
904 379 926 430 ,q
941 366 1019 411 tenus
1033 357 1068 411 ibi
1083 368 1110 413 et
1122 360 1230 427 publice
1250 358 1275 413 in
1294 359 1412 429 capitulo
1433 360 1571 427 iratribus,
1587 370 1615 418 et
1632 378 1724 420 secum

100 456 165 500 suut
173 463 280 517 quaque
291 451 409 519 gentium
420 450 494 504 nudti
508 451 622 514 nobiles,
633 453 778 520 prudentes
790 452 891 515 clerici,

101 536 205 588 strenui
220 537 321 592 milites
331 548 412 606 atquc
424 539 457 591 ad
468 553 528 592 euut
539 537 703 605 conduxere,
715 555 797 609 seque
807 549 835 594 et
845 556 892 594 sna

101 623 128 674 in
143 623 229 690 ipsum
244 627 439 680 monasterinm
451 627 560 681 servitio
575 628 620 682 Dei
634 629 776 683 tradidere.
789 627 894 687 Crescit

100 715 256 769 coeuobium
271 714 335 769 illud
349 716 422 771 intus
437 725 463 770 et
475 726 561 784 extra,
586 717 659 772 intus
682 718 709 773 iu
724 728 817 776 sancta
832 719 893 775 reli·

100 804 193 870 piune,
206 815 285 859 ostra
302 807 328 861 in
343 809 501 863 inuitimoda
516 810 695 878 possessione.

137 934 182 988 55.
195 934 262 990 Corn
276 953 340 992 sero
356 939 438 993 abbas
452 939 605 1006 llorlniuus,
616 939 691 1011 cttjtrs
704 958 784 1014 supra
797 944 892 998 memi-

104 1026 269 1098 ninms‚jam
286 1029 439 1099 decrepitus
461 1035 617 1087 monasterii
641 1036 731 1091 causis
752 1037 892 1093 intendere

103 1125 129 1168 ct
144 1133 222 1186 opem
238 1117 310 1172 lcrre
322 1134 374 1172 non
389 1119 502 1184 valeret,
530 1122 659 1192 quidquid
685 1125 725 1195 aqi
750 1130 892 1194 oportebat

103 1205 151 1259 snb
174 1207 304 1273 busciani,
332 1216 425 1277 utpote
450 1210 568 1277 prioris,
595 1212 770 1281 dispositione
799 1215 890 1270 debat.

104 1296 280 1366 tzrigenttbus
301 1299 382 1368 igitur
399 1299 593 1370 multiplicibus
616 1305 718 1372 causis,
738 1321 799 1359 euru
819 1307 892 1363 loras

103 1389 297 1444 monasterium
318 1390 356 1445 ire
372 1405 444 1461 saepe
466 1392 650 1449 uecesseluit.
665 1394 713 1449 Cui
739 1396 801 1450 dum
824 1413 891 1452 nou·

104 1494 242 1549 nunquam
255 1481 316 1548 equi
329 1488 357 1535 et
371 1481 423 1536 alia
446 1498 505 1552 qnae
530 1492 594 1538 sum
614 1486 775 1555 equitaturis
797 1502 891 1543 neccs-

104 1568 172 1622 saria
190 1570 329 1636 deessent,
346 1573 474 1642 praecepit
495 1573 579 1629 abbas
598 1575 622 1629 ei
645 1576 736 1629 onruia
751 1591 811 1646 aquae
824 1593 891 1646 opus

105 1666 181 1711 erant
193 1661 296 1728 parari,
312 1669 339 1714 et
353 1662 388 1715 illi
404 1663 453 1716 soli
470 1664 539 1719 sicut
555 1666 664 1735 propria
681 1667 840 1722 ministrari.
856 1668 891 1723 dt
907 1643 992 1775 Blnec
1007 1719 1109 1788 aliquid
1125 1738 1218 1777 eorum
1237 1724 1350 1780 ulterius
1368 1726 1592 1795 temperandum,
1609 1727 1635 1779 ni
1650 1724 1730 1780 cmm

103 1747 145 1803 ille
157 1750 191 1803 ad
206 1765 303 1805 nomen
316 1754 489 1822 proprietatis
511 1755 654 1824 inhorruit,
671 1765 697 1812 et
710 1773 835 1815 reversus
858 1762 891 1816 de

104 1839 199 1894 itincre
212 1855 327 1911 quaque
340 1842 390 1898 sibi
406 1845 558 1914 specialiter
572 1846 680 1902 inerant
691 1861 852 1919 praeparata,
864 1852 889 1905 in

104 1927 170 1981 tiam
185 1930 266 1984 ituris
283 1933 465 1988 communiter
478 1935 577 2003 exponi
588 1933 689 2002 jussit,
714 1952 764 1992 nec
782 1948 891 2010 propter

103 2026 255 2074 secuturam
282 2036 361 2089 quam
387 2020 477 2076 lorsan
505 2032 564 2077 crat
584 2038 713 2093 passurus
738 2027 888 2096 penuriam,

103 2125 217 2178 utinquam
233 2125 263 2165 se
280 2111 434 2176 retraxerit,
448 2112 513 2181 quin
526 2129 559 2168 ex
573 2130 620 2169 sua
636 2116 713 2184 copia
732 2124 890 2173 ceterorum

103 2200 238 2269 suppleret
249 2201 377 2270 inopiam.
402 2199 456 2257 Nec
470 2203 621 2258 mirandum
641 2202 773 2273 carrajam
790 2206 891 2262 mundo

103 2273 222 2346 illuserat
247 2290 307 2363 [nl.,
334 2291 468 2365 illuserat]
492 2309 553 2348 eum
586 2306 616 2349 se
644 2294 775 2351 iratribus
805 2297 888 2351 talem

103 2383 266 2448 exbibuisse,
291 2398 353 2439 cum
366 2383 437 2438 sicut
457 2385 572 2454 ipsemet
592 2382 696 2440 relerre
713 2385 808 2442 solitus
832 2395 891 2443 erat

104 2475 182 2528 ctiam
197 2475 406 2545 qnandoadbuc
427 2476 454 2529 in
480 2476 601 2531 saeculari
628 2476 682 2531 rita
709 2477 833 2548 degebat,
858 2493 890 2533 eo

104 2565 173 2620 circa
199 2565 268 2620 alios
292 2581 385 2620 artiore
411 2566 554 2634 terrebat,
580 2574 610 2620 ut
632 2581 818 2638 quemcunque
848 2568 890 2627 stti

103 2655 204 2718 ordinis
219 2656 308 2710 minus
323 2671 352 2711 se
365 2657 507 2712 babcntcm
524 2657 637 2723 videret,
651 2657 709 2729 ejus
727 2658 843 2728 inopiam
858 2659 891 2716 de

104 2745 267 2800 abundantia
281 2762 329 2800 sua
341 2745 428 2801 libens
443 2761 491 2816 pro
507 2762 585 2816 posse
600 2747 745 2819 suppleret.
757 2744 815 2802 lam
827 2755 891 2803 tunc

104 2836 174 2890 carim
190 2837 262 2891 ratio
279 2837 351 2891 illam
370 2837 483 2892 docebat
496 2853 592 2895 omncs
607 2838 714 2894 divitias
729 2840 818 2894 mundi
842 2855 891 2911 pro

103 2929 240 2983 communi
265 2930 405 2984 bondmtm
421 2930 538 2986 utilitato
552 2931 585 2986 ab
600 2946 653 2986 uno
667 2933 786 2987 omnium
811 2932 891 2989 Patre

104 3032 211 3077 creatas
225 3025 413 3078 etsecundmn
436 3025 586 3080 naturalem
608 3025 693 3098 legem
715 3027 780 3082 nibil
801 3044 890 3085 remrn

105 3115 190 3183 araugis
202 3115 236 3167 ad
248 3116 319 3169 burm
330 3131 412 3186 qnam
427 3116 552 3179 adistum
564 3117 709 3186 pertinere.
725 3118 812 3176 'lacco
822 3120 892 3190 qnod

105 3206 139 3260 illi
155 3222 228 3274 sepe
242 3207 317 3275 plura
333 3208 391 3262 auri
409 3218 436 3262 et
460 3210 564 3279 argenti
580 3210 699 3278 pondera
723 3226 738 3265 a
759 3213 893 3270 nonnullis

104 3308 164 3353 sunt
179 3299 286 3366 oblata,
304 3310 437 3370 qnatenus
459 3316 490 3356 ca
505 3301 533 3356 in
555 3316 619 3357 suos
641 3318 805 3376 suorumque
827 3322 892 3362 usus

104 3393 266 3463 susciperet,
284 3402 418 3457 servaret,
433 3392 629 3463 dispenderet:
656 3412 716 3466 quaa
744 3398 799 3468 ipse
821 3399 893 3454 nulla
956 3445 963 3456 .

103 3484 257 3551 patiebatur
283 3485 386 3538 ratione
410 3484 565 3554 suscipere,
591 3485 642 3541 uisi
664 3486 734 3543 torte
759 3490 894 3545 communi

105 3573 218 3626 lrartrum
241 3573 350 3628 utilitati
375 3573 515 3646 profutura
539 3576 628 3632 abbati
648 3587 889 3647 presentarentur.

105 3663 156 3718 Sed
171 3680 234 3720 cum
248 3664 271 3720 is
284 3666 328 3735 qui
341 3682 388 3720 sua
403 3665 545 3730 ollerebat,
559 3678 669 3722 econtra
684 3667 786 3724 diceret
799 3684 827 3724 se
838 3669 896 3725 nul·

104 3755 156 3810 lam
172 3758 410 3813 tuucrobmtatem
426 3759 525 3814 babere
544 3770 574 3814 ιιι
595 3761 684 3815 abbati
701 3761 742 3815 nel
758 3760 895 3816 monacbis
946 3804 953 3818 .

105 3846 205 3916 aliquid
230 3847 321 3916 daret,
339 3849 390 3903 nisi
410 3849 434 3904 ei
459 3850 507 3904 soli
522 3891 529 3915 ,
546 3848 679 3907 referebat
700 3851 744 3905 illc
759 3865 788 3906 se
802 3851 895 3905 talium

105 3952 172 4006 opus
188 3953 240 3992 non
256 3938 372 4005 luithere,
386 3953 436 3995 nec
455 3938 535 3995 aliter
549 3957 563 3996 a
577 3955 713 4012 quoquam
728 3940 797 3997 velle
817 3941 897 4011 quid·

106 4041 187 4095 quarn
204 4026 337 4098 accipere.

139 4143 185 4196 dl.
206 4143 271 4198 lllnd
285 4152 373 4198 autem
388 4145 506 4201 breviter
523 4143 582 4201 dico
595 4145 665 4214 quod
684 4145 754 4201 iuter
767 4140 892 4212 hujusce·

107 4235 177 4288 rtrodi
191 4235 280 4290 studia
289 4235 536 4306 diequadam,dum
550 4235 583 4289 ad
597 4235 695 4290 lectum
710 4235 822 4290 sutrmin
835 4235 898 4289 dor·

90 4348 93 4353 v
109 4324 217 4378 mitorio
226 4323 380 4387 diverteret,
393 4324 521 4378 annulum
534 4338 645 4379 auremn
656 4323 682 4377 in
696 4335 729 4378 eo
744 4324 897 4391 insperatus

110 4414 222 4483 incenit,
244 4423 272 4470 et
296 4415 441 4488 admodum
463 4415 577 4471 miratus
595 4424 648 4467 est.
677 4412 814 4483 Reputans
831 4427 896 4482 erqo

944 449 1068 518 privatim
1090 450 1161 519 ioqui
1181 450 1341 516 solentibus,
1363 454 1444 508 rerba
1472 454 1534 508 ritae
1552 455 1730 510 ministraret.

944 536 1066 607 Namque
1092 538 1211 594 solentne
1232 542 1373 596 exstiterat
1399 543 1534 610 omnibus,
1555 551 1585 597 nt
1601 544 1731 614 quidquid

943 633 1033 687 abore
1045 633 1115 689 illius
1129 633 1196 688 iuret
1209 637 1338 702 attalicum,
1352 637 1392 691 sic
1405 636 1552 691 baberetur
1565 638 1640 706 quasi
1653 638 1732 707 plane

943 725 1061 779 divinum
1076 741 1246 796 responsam.
1260 727 1336 783 Unde
1349 728 1502 798 requirendi
1517 728 1620 784 consilii
1633 730 1730 799 gratia,

943 832 976 870 ex
995 817 1113 873 diversis
1127 819 1160 870 ad
1175 834 1236 873 eunt
1251 818 1318 873 locis
1338 819 1526 875 festinabatur.
1543 820 1607 887 Qtrae
1625 835 1669 875 res
1690 820 1731 874 in·

942 906 1014 960 vidia
1040 908 1115 976 prasi
1138 909 1272 963 diabolum
1298 910 1449 968 rnlrretatit
1473 911 1730 983 [ol.,mdncrabttl.

943 995 1089 1052 Nonnulios
1103 1013 1167 1068 ergo
1181 1016 1249 1068 quos
1261 1001 1294 1054 ab
1306 1016 1336 1055 oa
1355 1001 1501 1055 intentione
1518 1010 1621 1056 secreta
1638 1002 1732 1056 fraudo

943 1103 995 1142 uon
1011 1098 1124 1158 poterat,
1137 1091 1277 1146 manifesta
1295 1093 1478 1161 increpatione
1491 1102 1614 1149 arcrtere
1625 1094 1729 1148 trracbi·

942 1179 1065 1232 nabatnr.
1081 1179 1201 1250 Exempli
1214 1197 1304 1247 causa,
1317 1183 1393 1238 indes
1408 1184 1516 1252 quidam
1533 1192 1600 1250 erat,
1612 1184 1731 1239 Cadnlns

942 1269 1061 1324 normae.
1076 1270 1124 1326 llic
1137 1273 1252 1341 quadarn
1266 1275 1323 1329 vice
1339 1274 1437 1345 vigiliis
1453 1284 1480 1329 et
1494 1275 1661 1330 orationibus
1674 1276 1731 1330 Deo

942 1356 1060 1416 intentus
1073 1362 1175 1417 audivit
1188 1364 1321 1419 diabolum
1335 1364 1385 1419 sub
1399 1380 1464 1420 noce
1477 1367 1586 1421 scutarii
1599 1367 1639 1421 sui
1652 1376 1729 1421 extra

941 1449 1081 1506 ecclesiam
1095 1452 1121 1507 in
1136 1469 1188 1524 qua
1203 1466 1261 1510 erat
1275 1456 1476 1520 vociferantem,
1491 1466 1518 1511 et
1536 1457 1642 1512 turbato
1656 1473 1730 1511 mur·

941 1553 1017 1594 ntttre
1030 1554 1114 1609 equos
1124 1551 1150 1596 et
1161 1545 1251 1598 «itania
1266 1561 1313 1599 sua
1326 1545 1412 1601 tracto
1426 1546 1541 1614 bospitio
1553 1562 1568 1600 a
1581 1546 1731 1602 latronibus

941 1627 993 1681 ’am
1007 1638 1069 1684 tnnc
1080 1630 1183 1702 direpta
1197 1649 1267 1698 esse,
1283 1644 1363 1704 atque
1377 1637 1490 1691 abducta
1505 1646 1728 1706 conquerentem,

941 1821 1105 1866 accurreret.
1124 1814 1162 1869 dd
1174 1831 1233 1885 quae
1246 1832 1307 1870 cum
1322 1816 1366 1871 ille
1380 1832 1548 1887 nequaqnam
1563 1827 1729 1884 moveretur,

941 1904 1028 1974 majus
1049 1905 1172 1961 videlicet
1192 1907 1319 1962 damnum
1343 1909 1474 1979 deputans
1488 1911 1604 1966 orationi
1621 1913 1729 1976 cellere,

941 2008 1021 2062 qnam
1036 2010 1082 2050 sua
1096 1998 1224 2066 perdere,
1240 1999 1332 2054 dolens
1343 2000 1464 2055 ‹liabolus
1477 2016 1506 2056 se
1519 2000 1685 2070 despectum,
1701 2004 1728 2055 in

941 2085 1058 2153 speciem
1075 2087 1129 2140 ursi
1146 2087 1299 2144 demutatus
1318 2100 1370 2156 cst,
1389 2101 1416 2147 et
1433 2092 1553 2146 ecclesiae
1567 2107 1615 2161 per
1629 2102 1730 2147 tectum

941 2173 1069 2244 dilapsus,
1091 2185 1153 2230 ante
1177 2178 1262 2246 ipsum
1287 2195 1404 2249 praeceps
1428 2184 1541 2245 corruit,
1566 2192 1595 2236 ut
1617 2184 1730 2238 borrote

941 2262 1035 2316 saltem
1054 2272 1081 2318 et
1098 2264 1204 2334 bagore
1223 2269 1262 2322 sui
1281 2283 1361 2325 casus
1373 2271 1459 2325 virum
1483 2282 1603 2343 accepto
1617 2287 1728 2342 protoa-

942 2353 1021 2409 barot
1035 2354 1096 2427 lab,
1112 2359 1305 2432 perturbaretl.
1330 2360 1382 2416 Sed
1405 2362 1482 2418 miles
1505 2365 1649 2422 itnmobiiis
1665 2381 1728 2437 prr·

941 2455 1041 2512 manet,
1060 2457 1088 2501 ot
1102 2457 1252 2504 monstrum
1267 2467 1377 2508 securus
1391 2454 1494 2509 irridet.
1510 2457 1574 2511 Post
1590 2475 1650 2527 qna)
1669 2469 1726 2514 sta-

941 2543 998 2587 tmn
1021 2536 1081 2591 ritae
1104 2552 1160 2591 snae
1182 2540 1319 2608 proposito
1343 2544 1471 2598 strictiori
1495 2543 1609 2603 laudare
1623 2547 1731 2605 deside·

941 2641 1006 2682 rans
1016 2614 1175 2684 'dnseimum
1190 2631 1266 2698 adiit,
1282 2634 1423 2688 eonsilium
1447 2634 1505 2704 ejus
1519 2653 1600 2706 super
1613 2639 1665 2694 boc
1678 2641 1728 2694 ad·

943 2718 1049 2773 discere
1072 2721 1193 2790 cupiens.
1213 2723 1311 2778 Verum
1328 2725 1390 2778 dum
1406 2727 1439 2778 ad
1457 2727 1544 2795 ipsum
1560 2727 1660 2784 radens
1681 2730 1732 2785 iter

942 2808 1119 2875 acceleraret,
1136 2826 1200 2868 ecce
1216 2814 1350 2884 malignus
1366 2815 1453 2871 bostis
1472 2817 1617 2872 immanem
1637 2834 1732 2874 socam

942 2909 975 2950 et
991 2898 1104 2954 adverso
1127 2901 1221 2966 edens,
1241 2903 1267 2955 in
1284 2903 1341 2956 baec
1361 2905 1442 2958 rerba
1465 2890 1587 2976 prorupit
1600 2925 1606 2959 :
1619 2906 1730 2976 Cndnle,

942 2987 1052 3052 Cadulc,
1073 3006 1127 3058 (quo
1141 2992 1247 3046 teudisl
1263 2991 1346 3063 Igitur
1358 3009 1419 3050 cum
1436 2995 1480 3048 ille
1501 2997 1534 3051 ad
1548 3012 1641 3052 rocem
1662 2999 1732 3055 lianc

943 3079 1112 3145 subsisteret,
1126 3082 1196 3137 scire
1211 3083 1303 3138 rolens
1316 3084 1360 3153 qui
1386 3094 1457 3140 esset
1470 3086 1516 3154 qui
1539 3087 1601 3141 talia
1619 3088 1731 3156 diecret,

943 3171 1069 3240 repetivit
1090 3171 1205 3241 damon,
1220 3183 1248 3229 et
1262 3175 1319 3229 ait:
1332 3174 1390 3242 Qno
1413 3177 1510 3240 tendis,
1525 3175 1640 3232 cadule?
1662 3177 1732 3246 Quid

944 3269 970 3314 te
985 3270 1124 3332 tantopere
1139 3264 1256 3332 priorem
1280 3263 1352 3318 illum
1372 3266 1539 3336 hypocritam
1553 3268 1626 3338 cogit
1639 3269 1732 3325 adircl

943 3351 1040 3422 Opinio
1065 3354 1196 3424 siqnidem
1219 3355 1278 3425 ejus
1300 3356 1410 3412 omnino
1428 3356 1536 3412 aliaest
1554 3374 1568 3412 a
1584 3375 1730 3415 conuersa·

943 3446 1089 3500 bonevitae
1102 3446 1183 3501 illius.
1196 3446 1364 3517 Qttapropter
1377 3448 1489 3512 suadeo,
1506 3450 1631 3504 consulto
1645 3460 1675 3505 ut
1688 3466 1735 3504 re-

943 3536 1026 3592 lcrius
1041 3538 1146 3606 redeas,
1160 3553 1195 3594 ne
1208 3540 1332 3594 seductus
1346 3540 1380 3595 ab
1392 3555 1425 3596 eo
1438 3541 1561 3607 stultitia,
1576 3558 1628 3611 qua
1643 3542 1733 3608 modo,

944 3629 1070 3695 traberis,
1086 3628 1184 3699 illaque
1204 3630 1266 3684 eris.
1289 3629 1444 3701 ilypocrisis
1474 3645 1589 3700 inantque
1615 3646 1663 3686 sna
1677 3630 1704 3701 ja
1718 3649 1733 3684 n

945 3717 1043 3771 multos
1060 3717 1176 3786 decepit,
1193 3728 1221 3772 et
1235 3733 1281 3788 spe
1294 3734 1363 3773 rana
1381 3720 1514 3775 delibutos
1528 3722 1584 3775 suis
1599 3735 1696 3775 vacuos
1707 3728 1735 3777 ιι

946 3819 1079 3860 rntnmnes
1092 3803 1190 3861 effecit.
1203 3805 1266 3861 llaec
1281 3808 1324 3862 iile
1336 3809 1456 3869 audiam,
1471 3819 1497 3862 et
1512 3810 1660 3864 ‹laeznouem
1673 3824 1734 3864 esse

944 3897 990 3966 qui
1008 3896 1163 3966 loquebatur
1184 3911 1391 3967 recognoscens,
1405 3899 1481 3966 signo
1496 3913 1525 3952 sc
1542 3901 1632 3952 crucis
1645 3899 1735 3952 muni-

945 3991 993 4054 uit,
1008 3997 1035 4043 et
1048 3999 1138 4058 spreto
1154 3989 1242 4052 boste,
1266 4002 1318 4057 quo
1332 3995 1510 4058 proposuerat
1531 3988 1581 4053 ire,
1605 3987 1734 4056 perierit.

946 4081 1014 4145 Quid
1025 4079 1119 4149 plural
1131 4078 1229 4135 Audito
1240 4078 1379 4144 driselmo,
1395 4080 1529 4150 abnegato
1540 4079 1628 4148 seipso
1641 4087 1669 4133 et
1682 4093 1734 4134 sae·

946 4173 1007 4227 culo
1020 4172 1151 4242 religiosa
1163 4173 1225 4226 ritae
1238 4186 1268 4228 se
1280 4171 1401 4236 tradidit,
1416 4179 1444 4226 et
1458 4172 1528 4240 apud
1543 4169 1735 4239 Maius-liona-

947 4264 1059 4319 sterium
1084 4264 1233 4320 monacbus
1255 4262 1343 4319 lactus
1359 4273 1410 4319 est.
1435 4262 1512 4317 llunc
1534 4263 1634 4317 etenim
1656 4274 1736 4317 nsum

947 4350 1090 4407 dnselnms
1111 4352 1234 4414 babebat,
1258 4361 1287 4405 nt
1311 4367 1447 4421 nunquam
1466 4351 1579 4420 alicujus
1601 4352 1736 4407 commodi

947 4458 1028 4499 cansa
1059 4444 1184 4498 suaderet
1208 4444 1286 4497 alicui
1318 4442 1415 4496 saa-cmo
1447 4441 1602 4495 renuntiare
1626 4441 1735 4504 nolenti,

109 4509 177 4577 apud
191 4524 234 4572 se,
247 4524 282 4564 ue
295 4507 365 4563 lorte
378 4508 474 4577 aliquis
488 4522 594 4576 eorum,
615 4506 661 4576 qui
680 4522 724 4562 res
739 4507 896 4564 ¹¹¹⁰¹¹i⁸terii
946 4544 1079 4604 qnatenus
1092 4535 1118 4587 in
1131 4549 1179 4588 suo
1193 4532 1356 4588 monasterio
1369 4532 1459 4601 potius
1473 4546 1554 4600 quam
1567 4531 1594 4585 in
1607 4531 1696 4587 alieno
1710 4533 1736 4586 il

110 4602 299 4671 lf⁰⁰¹¹f³b³¹¹²v
324 4603 418 4671 dimili
445 4611 542 4657 “⁰⁰¹⁰
567 4600 691 4656 eumdem
716 4597 843 4655 ³⁰⁰⁰¹¹¹¹¹¹
859 4597 896 4655 ibi
948 4624 1057 4678 laceret.
1070 4622 1145 4690 Qttod
1159 4622 1285 4677 nimirum
1300 4637 1332 4677 co
1346 4622 1455 4687 iutuitu,
1470 4636 1501 4677 ea
1514 4621 1734 4678 consideratione

111 4693 257 4763 reliquerit,
273 4692 372 4748 levavit
384 4707 446 4747 cum
469 4701 496 4747 et
512 4691 625 4762 singulis
644 4691 772 4749 ostendit.
794 4688 896 4745 lliran·
948 4712 1206 4778 f205e1„q‚u0„11„s
1221 4713 1388 4784 postmodum
1405 4712 1465 4767 1000
1479 4727 1558 4782 quem
1580 4725 1612 4765 ρΣ
1625 4710 1734 4782 mppr,

112 4795 152 4838 ω’
167 4785 217 4851 “¹¹⁹
233 4793 261 4839 ⁰²
278 4798 308 4837 ⁵⁰
322 4783 360 4838 ‘⁰⁵
374 4783 498 4839 ⁰⁰⁰⁵⁰⁵⁰⁵
519 4784 630 4839 ⁰¹³¹¹¹¹¹⁰
644 4790 753 4850 ⁰⁰3³&
777 4779 898 4837 ‘mendi‘
946 4805 1138 4862 deliberatione
1157 4820 1208 4860 non
1224 4807 1383 4870 intraverat,
1400 4805 1488 4875 aliqua
1513 4812 1542 4859 ut
1562 4804 1592 4857 llt
1615 4803 1738 4872 pulsatus

113 4882 152 4927 '¹¹‘
171 4873 232 4927 affl
250 4880 332 4941 ²¹¹l¹¹⁰
351 4872 420 4937 ³¹⁶⁵·
439 4873 486 4929 ⁸⁹⁴¹
504 4872 642 4943 hucusque
662 4871 751 4928 ”unus
772 4870 836 4935 sust·
851 4870 897 4940 qui
950 4896 1074 4952 molestia
1095 4897 1259 4957 detraheret,
1276 4905 1303 4952 et
1321 4897 1439 4952 scandali
1458 4896 1501 4951 sui
1517 4910 1550 4950 ac
1564 4893 1738 4963 impatientiae

112 4966 295 5036 ¹⁰⁰⁰8¹¹⁰Vesl¹
308 4964 379 5019 ”nde
390 4962 432 5018 *⁰¹
445 4980 460 5019 ²
473 4979 527 5033 ‘1¹¹⁰
538 4963 599 5019 “¹¹¹⁰
609 4963 713 5021 di¹⁸¹¹¹⁸
726 4964 770 5019 ⁸3¹·
786 4963 819 5017 ¹²⁴¹
835 4970 898 5019 ²⁰⁰⁰
948 5003 1070 5042 ururnmr
1081 4989 1249 5058 persuasioni
1270 4988 1339 5043 illius
1354 4988 1507 5057 imputaret,
1524 4986 1613 5054 itaque
1632 4999 1661 5039 se
1679 4981 1738 5038 aliis

111 5055 216 5123 quidem
236 5054 352 5110 artanius
372 5054 399 5108 in
417 5068 485 5123 opos
506 5054 632 5111 Ecclesiae
652 5067 787 5124 expensus
805 5061 856 5117 est,
870 5060 898 5110 et
948 5088 976 5135 e,
990 5080 1056 5135 3¹50,
1069 5081 1120 5135 sibi
1140 5080 1173 5135 ,d
1188 5080 1271 5135 muna
1285 5080 1387 5134 ,misus
1397 5094 1493 5148 (ἔωθε
1508 5076 1635 5132 efficere,

112 5161 153 5201 res
169 5148 204 5201 ita
221 5148 362 5202 remansit.
377 5145 554 5203 Postmodum
575 5161 641 5202 vcro
657 5161 719 5201 cum
735 5145 785 5216 ipsi
799 5144 897 5200 busel-

112 5251 170 5291 mus
185 5237 219 5293 ad
234 5235 424 5307 pontificatum
448 5245 573 5306 sumptus
587 5244 639 5302 est,
663 5236 774 5291 luerunt
788 5234 833 5304 qni
847 5234 899 5290 boc

113 5327 196 5398 ipsum
211 5344 260 5399 por
271 5327 397 5382 antrulum
410 5327 483 5382 illum
494 5327 550 5397 jam
566 5336 629 5384 tunc
641 5328 757 5398 quodam
768 5326 900 5398 praesagio

112 5418 301 5489 presignatum
323 5415 406 5475 luisse
419 5427 582 5474 assererent.
605 5417 660 5474 Nos
672 5427 760 5474 autem
776 5432 836 5488 quae
852 5430 899 5488 gc·

111 5513 152 5561 stt
172 5514 247 5572 aaut,
263 5506 380 5576 simplici
392 5515 496 5563 tamma
510 5508 581 5578 stylo
594 5508 750 5576 digerimus.

144 5618 190 5676 35.
209 5617 377 5676 invitabatur
389 5630 520 5692 practerea
535 5637 550 5676 a
565 5620 680 5679 dirersis
694 5622 818 5693 abbatiis,
832 5637 899 5693 qua·

1259 5212 1372 5271 carba
1394 5215 1424 5268 t.

951 5369 1058 5425 dilatis
1074 5367 1148 5426 electi
1166 5367 1310 5436 benipnitos
1329 5382 1390 5434 erqo
1410 5365 1521 5432 bospites
1536 5373 1558 5416 et
1573 5362 1737 5416 domesticos.

985 5439 1040 5492 lter
1055 5441 1083 5492 itt
1095 5438 1227 5503 dnqiimn.
1244 5436 1407 5504 colloquium
1423 5450 1482 5487 ctam
1497 5431 1530 5487 B.
1543 5430 1692 5502 Lensrunco
1706 5431 1740 5485 ds

985 5508 1057 5564 catittt
1073 5496 1232 5577 Sdlpbept,

985 5622 1028 5679 56.
1049 5621 1195 5685 llcltmcto,
1217 5633 1289 5690 saepe
1317 5616 1441 5688 superius
1465 5616 1620 5681 nominato,
1644 5609 1741 5669 abbate
