3690 6008
96 187 132 244 titt
610 189 638 244 S.
660 186 809 243 assdtttt
824 186 1000 245 CANTUAR.
1018 180 1178 244 ancittae.
1689 185 1726 242 fid

133 299 175 355 l'l.
197 298 389 364 Verumtamen
416 299 633 355 adolescentibus
649 298 883 368 atqnejttrenibut
897 304 920 363 ll
935 297 1008 353 nitur
1019 313 1097 363 unns,
1109 298 1220 369 rejicere
1242 311 1295 351 nou
1309 296 1403 353 audeo.
1421 296 1527 368 lfepctit
1548 295 1647 367 praesul
1664 299 1727 356 edi·

95 395 230 466 praecipua
244 409 309 448 cara
323 392 384 466 [oi.,
395 393 558 463 praecipuam
571 391 674 462 curata]
685 392 849 458 intendebat,
861 404 888 448 et
937 397 1022 457 etum,
1034 398 1063 444 et
1075 397 1104 444 ut
1121 390 1209 459 prime
1223 387 1300 456 jabet
1311 402 1345 442 ue
1360 389 1581 459 transgrediatur.

96 487 295 558 inquirentibus
320 486 421 542 deboc
443 485 586 548 rationem,
608 481 658 538 sub
680 482 804 552 exemplo
827 483 888 538 recl·
1237 478 1352 536 ctt’bt
1370 479 1414 534 lll.

96 580 188 634 ΜΝ·
207 577 385 645 G⁰¹¹¹ll³i³¹l³¹
399 573 582 643 ccrmjatenis
592 583 709 640 &immi
721 588 782 643 tttae
800 571 833 629 ad
847 573 888 628 5¹¹·
972 589 1125 661 Benignitna
1136 606 1198 662 erge
1213 606 1311 645 curaer.
1325 591 1397 646 Libri
1407 592 1527 647 onnrrnlli
1539 601 1563 647 et
1574 591 1694 662 epistolar

96 667 268 723 formandum
284 666 399 736 sigillum
414 673 523 734 apteest
537 673 697 734 temperata.
707 662 774 738 Nam
783 664 804 720 si
813 680 886 729 cera,
1275 664 1389 731 scripte.

98 756 195 826 inquit,
215 756 295 810 nimis
307 756 373 808 (lura
386 754 428 809 rel
439 754 527 810 mollis
539 754 630 817 fuerit,
647 753 734 825 sigilio
757 751 886 824 impressa
975 751 1017 806 le.
1029 751 1131 807 licitiae
1141 752 1286 820 dnselutus
1297 753 1331 807 ad
1344 754 1539 809 monasteriam
1552 770 1678 810 reversus
1689 764 1730 809 ta·

97 846 157 920 [ab.
182 845 324 918 impresso]
341 847 399 915 ejas
417 847 532 917 figuram
552 848 579 901 in
602 862 632 901 se
654 862 823 918 nequaquam
853 849 886 902 ad
937 842 991 896 lem
1014 858 1043 898 se
1059 844 1164 899 cunctis
1188 844 1321 911 extabuit,
1338 855 1368 898 ut
1382 846 1416 900 ab
1432 847 1557 901 onaribns
1581 847 1639 902 loco
1662 850 1729 904 ebat·

96 939 204 1010 planum
221 939 326 1006 recipit.
343 937 371 992 Si
387 953 451 993 vero
466 953 500 993 ex
523 938 657 1007 utrisque,
672 937 769 991 duritia
784 938 888 992 scillcet
938 931 1038 986 nissimi
1052 931 1140 989 Patris
1155 932 1320 1004 diligeretur.
1333 934 1392 1004 ipse
1407 935 1479 991 euim
1498 952 1587 992 mores
1605 939 1729 991 omniurn

96 1040 179 1100 atque
194 1031 315 1095 mollitie,
333 1031 449 1085 discrete
474 1029 577 1084 babens
600 1029 686 1100 sigillo
712 1031 886 1100 imprimitur,
937 1031 965 1077 ct
978 1022 1149 1081 infirmitates
1163 1026 1350 1095 aequanimiter
1360 1026 1521 1093 sufferebat3
1539 1038 1566 1083 et
1584 1030 1731 1099 unicuiqae

97 1132 161 1177 tnnc
174 1122 260 1179 forma
276 1121 353 1192 sigilli
373 1122 485 1176 omnino
501 1122 642 1199 perspicua
659 1131 686 1177 et
705 1123 810 1194 integra
825 1123 885 1177 red·
937 1114 1008 1169 ⁸3⁰¹st
1018 1117 1145 1185 &pedire
1156 1117 1270 1182 sciebat,
1280 1119 1433 1174 neces-larii
1445 1122 1613 1190 srrggerebat.
1627 1121 1650 1178 0
1663 1133 1728 1192 itttoi

99 1215 182 1269 ditur.
209 1213 256 1270 Sic
279 1224 321 1269 est
341 1212 367 1267 in
382 1213 507 1269 aetatibus
525 1215 676 1269 bominum.
691 1214 789 1269 Videas
802 1215 887 1270 boati·
937 1201 1022 1258 insili
1033 1205 1090 1274 iam
1106 1205 1264 1263 issfifffliffle
1276 1208 1410 1277 desierit?
1426 1225 1474 1280 per
1485 1212 1556 1281 piam
1568 1213 1730 1268 δθῑῑῑθῑῑῦίῑῐ·

97 1321 159 1362 nem
179 1307 206 1361 in
224 1308 345 1362 vanitate
358 1307 439 1376 ltttjus
455 1307 547 1362 saculi
562 1306 597 1361 ab
620 1306 732 1362 infautia
754 1307 887 1376 usquead
937 1314 998 1356 ilem
1025 1301 1083 1372 eius
1106 1312 1170 1358 sunt
1192 1304 1226 1359 ad
1246 1304 1388 1376 pristinam
1413 1307 1557 1362 sanitatem
1584 1310 1728 1364 ret-ocati!

97 1397 431 1468 profaadautscnectutent
447 1396 711 1460 cont·ersatnm,scla
725 1406 831 1452 terrena
843 1412 888 1452 sa·
938 1390 1015 1460 Qss⁰d
1031 1405 1058 1449 ²¹¹
1075 1393 1245 1461 flerewaltlei
1260 1397 1398 1470 decrepite
1410 1413 1504 1467 senex,
1521 1398 1548 1453 5¹¹
1572 1401 1659 1470 teipso
1668 1417 1732 1470 dtr·

97 1489 228 1560 pieutcm,
244 1489 310 1545 etin
326 1490 369 1545 bis
382 1490 490 1558 penitus
506 1488 754 1545 obduratunt.Cum
774 1489 825 1544 boc
839 1504 887 1560 age
937 1485 1044 1555 cepisti,
1059 1489 1166 1555 quando
1187 1496 1315 1558 gratatus
1338 1504 1392 1543 non
1415 1490 1502 1545 solum
1526 1499 1606 1547 etate
1629 1492 1677 1546 sed
1704 1501 1730 1546 et

97 1579 132 1634 de
144 1579 340 1649 spiritualibus,
351 1579 414 1634 lruic
429 1579 463 1633 de
487 1579 637 1635 subtilitate
651 1579 887 1649 contemplationis
938 1575 1025 1630 valida
1037 1576 1205 1657 infirmitate,
1223 1578 1259 1632 ita
1276 1587 1306 1633 ut
1332 1579 1400 1635 nibil
1427 1581 1465 1635 tui
1492 1583 1615 1652 eorporis
1632 1594 1732 1653 praeter

98 1671 196 1726 ditinae
220 1671 341 1742 loquere,
363 1670 433 1727 branc
448 1680 552 1727 secreta
565 1670 686 1727 coelestia
703 1672 770 1727 doce
784 1671 888 1736 rimari,
906 1647 1060 1734 Blingnam
1079 1664 1196 1721 haberes
1212 1667 1238 1720 in
1258 1676 1303 1722 tua
1315 1678 1461 1739 potestate,
1476 1687 1525 1740 per
1541 1688 1638 1728 utanns
1659 1673 1730 1728 illias

97 1772 125 1818 et
146 1762 294 1832 perspicies
309 1777 371 1817 euru
392 1777 444 1817 nec
458 1762 523 1832 quid
537 1761 603 1818 telis
616 1761 724 1832 quidem
749 1775 829 1830 posse
849 1762 889 1816 ni·

98 1853 173 1908 dere.
189 1851 245 1906 Ncc
263 1853 360 1907 ntiruut
375 1852 501 1907 indurata
516 1866 578 1908 cera
596 1860 648 1917 est,
665 1852 765 1908 inistis
782 1860 889 1907 aetatem

98 1959 150 2001 nen
167 1946 243 2000 trivit
255 1943 316 2017 [nl.,
328 1944 462 2018 nutrivit],
471 1944 559 2001 aliena
578 1946 613 2000 ab
625 1945 684 2001 istis
699 1945 774 2014 sequi
786 1944 888 2000 didicit.

98 2036 214 2092 licentra
220 2038 259 2092 riu
278 2037 434 2093 consideres
447 2052 560 2107 puerum
575 2044 655 2092 atate
669 2052 701 2092 ac
715 2037 829 2092 scientia
851 2043 891 2092 te·

97 2141 205 2191 nerum,
220 2141 270 2182 nec
284 2128 384 2182 bonurn
400 2141 449 2183 nec
460 2126 559 2180 malurn
574 2126 728 2182 discernere
744 2126 890 2191 talerttem,

98 2232 149 2272 nec
161 2216 306 2286 tequidem
320 2216 471 2287 intelligere
483 2216 518 2272 de
531 2216 682 2283 huiusmodi
692 2217 868 2273 disserentem
880 2233 888 2272 a

98 2308 231 2363 Nimirum
246 2307 336 2363 mollis
347 2322 409 2363 cera
425 2316 467 2363 est
482 2315 509 2362 et
527 2307 604 2377 quasi
619 2305 735 2375 liquens,
756 2320 806 2361 nec
821 2306 889 2360 ima·

98 2401 187 2471 giuem
206 2400 285 2471 sigilli
301 2414 410 2471 qnoque
422 2399 502 2454 mode
514 2398 662 2468 recipiens.
677 2396 781 2452 lledins
794 2397 889 2451 borum

98 2492 256 2549 adolescens
271 2500 299 2547 et
310 2491 418 2560 juvenis
435 2499 487 2554 est,
507 2505 538 2544 ex
553 2488 734 2545 teneritudine
749 2497 830 2558 atque
842 2490 892 2544 dar-

99 2584 160 2639 ritia
185 2596 303 2653 congrue
323 2590 499 2652 temperatas.
513 2582 541 2636 Si
565 2581 636 2636 bunc
662 2580 834 2646 instruxeris,
858 2582 891 2637 ad

101 2687 159 2743 qua
172 2672 246 2727 noles
267 2669 413 2725 informare
429 2670 541 2725 rutubis.
554 2668 630 2737 Quod
649 2669 707 2740 ipse
721 2669 892 2725 animadver-

100 2773 161 2820 tens
177 2762 322 2832 juvenibus
342 2763 437 2831 majori
456 2761 636 2818 sollicitudine
659 2762 780 2833 invigilo,
794 2777 890 2832 procu·

940 1765 1045 1826 pastus,
1060 1766 1089 1813 et
1104 1757 1167 1814 rino
1181 1759 1215 1814 de
1232 1761 1348 1817 racemis
1366 1776 1416 1830 per
1428 1777 1508 1816 auam
1525 1763 1551 1817 in
1576 1763 1657 1817 aliam
1672 1765 1732 1834 ejas

942 1861 1053 1905 uranum
1067 1861 1208 1918 expresse,
1222 1850 1328 1920 deeius
1344 1851 1401 1921 ipsa
1420 1867 1499 1906 uranu
1519 1852 1614 1908 bibens
1625 1868 1655 1908 es
1670 1852 1730 1925 [at.

940 1937 979 2011 et]
993 1939 1171 2005 refocillatus,
1188 1956 1220 1996 ac
1237 1943 1358 2012 pristiam
1375 1943 1485 2000 sanitati
1505 1944 1662 1999 redonatus.
1679 1945 1733 2000 Ne·

941 2044 995 2099 quc
1012 2033 1086 2088 eninr
1102 2033 1186 2089 alinnr
1202 2044 1249 2091 aut
1262 2036 1371 2093 aliunde
1385 2047 1477 2108 potum
1491 2053 1599 2094 sumere.
1611 2048 1732 2109 poteras,

941 2123 987 2191 qui
1002 2123 1048 2177 tibi
1066 2124 1142 2179 cordi
1158 2134 1241 2189 essct,
1259 2138 1291 2181 nt
1315 2127 1462 2182 referebas.
1487 2126 1545 2198 lpse
1561 2130 1660 2198 quippe
1673 2129 1731 2183 Αιι-

941 2211 1044 2267 sclmus
1058 2213 1085 2268 in
1100 2230 1149 2269 usu
1164 2215 1282 2269 ilabebat
1293 2216 1461 2271 infirmorum
1474 2219 1583 2271 domum
1603 2215 1734 2285 frequen-

942 2309 1011 2367 tare,
1024 2303 1192 2373 singulorum
1213 2304 1327 2359 fratrum
1349 2305 1521 2360 inllrnritates
1536 2304 1680 2375 diligenter
1695 2307 1735 2360 in·

940 2393 1735 2467 vestigare,etqaudinfirmitascujusqneexpeteltat,siuga·
1792 2405 1794 2408 ‘

941 2481 975 2538 lis
986 2484 1086 2554 absque
1098 2498 1173 2538 mora
1188 2499 1234 2539 sen
1250 2486 1329 2541 taedio
1342 2487 1560 2542 subministrare.
1578 2486 1678 2555 Sieqnc
1692 2504 1735 2543 sn·

942 2575 984 2632 nis
1004 2584 1090 2646 pater,
1105 2585 1133 2630 ct
1148 2575 1263 2631 infirmis
1275 2587 1335 2632 erat
1346 2587 1444 2644 mater,
1458 2581 1511 2633 itno
1530 2580 1603 2633 sanis
1616 2589 1643 2633 et
1656 2581 1736 2634 infir·

941 2669 994 2725 mis
1007 2676 1124 2738 pateret
1138 2676 1225 2723 mater
1249 2667 1276 2724 in
1303 2683 1457 2725 conrnune.
1476 2671 1551 2727 Unde
1566 2681 1592 2726 et
1603 2673 1734 2742 quidquid

942 2761 1039 2818 secreti
1047 2760 1116 2831 apud
1126 2761 1250 2831 acquiris
1258 2760 1363 2816 illorum
1377 2763 1558 2826 babebat,u0n
1568 2778 1645 2818 secas
1654 2779 1735 2834 qnam

99 2870 165 2911 rans
178 2863 275 2911 cuncta
292 2855 317 2910 in
340 2854 380 2910 eis
400 2855 529 2909 vitiorum
544 2853 665 2924 germina
687 2853 893 2922 exstirparent
941 2853 1245 2911 dulcissimamatriille
1257 2855 1378 2912 revelare
1389 2856 1735 2926 satagebatllcrumtameu

101 2951 128 3004 iu
142 2959 298 3005 sanctarum
320 2947 459 3003 exercitiis
473 2947 604 3003 virtutum
625 2953 718 3014 postea
737 2956 891 3016 competeu·
906 2981 928 3044 c
943 2945 1029 3003 solers
1043 2945 1181 3017 diligentia
1203 2943 1334 3013 iuuenum
1347 2947 1399 3001 ltoc
1413 2948 1547 3016 praecipue
1558 2947 1714 3001 exercebat.

101 3051 142 3097 ter
155 3043 255 3109 edocti,
273 3039 404 3113 spiritalis
425 3041 451 3096 in
474 3054 504 3097 se
526 3039 723 3096 transforment
746 3037 891 3109 imaginem
978 3037 1025 3092 ab.
1041 3038 1079 3092 be
1096 3051 1211 3107 quornm
1227 3054 1341 3095 nurnero
1358 3039 1468 3108 quidam
1486 3039 1511 3093 iu
1527 3040 1584 3108 ipso
1600 3047 1735 3094 conuenta

100 3136 164 3191 riri.
944 3127 996 3184 bec
1008 3128 1078 3197 apud
1093 3142 1123 3183 se
1143 3138 1342 3198 proposuerat,
1359 3139 1494 3200 quatenns
1508 3129 1579 3184 nulla
1593 3130 1736 3184 occasione

135 3230 180 3285 l8.
202 3227 255 3283 Sed
271 3242 332 3282 cum
350 3227 420 3281 inter
435 3226 492 3281 bec
514 3240 576 3280 eurn
599 3224 706 3280 diversa
723 3222 893 3278 diversomm
944 3234 1063 3290 anquam
1082 3235 1159 3276 sumn
1171 3236 1280 3277 manum
1295 3222 1352 3278 suis
1366 3221 1528 3293 genitalibus
1544 3221 1672 3276 ureanbris
1687 3223 1735 3275 ad·

102 3319 208 3389 negotia
223 3318 379 3388 fatigarent,
401 3326 429 3372 et
441 3331 633 3387 nonnunquam
648 3315 720 3370 illius
737 3322 855 3369 mentem
877 3328 893 3368 a
949 3320 1084 3367 moveret.
1099 3311 1146 3368 Cui
1166 3313 1304 3382 proposito
1320 3313 1444 3369 inridens
1470 3313 1601 3377 diabolus,
1630 3322 1737 3366 tantnut

101 3424 150 3466 sna
174 3410 265 3480 quiete
282 3408 433 3473 turbarent,
457 3407 602 3463 consilium
622 3420 704 3475 super
719 3403 791 3458 frisa
811 3417 892 3473 supra
944 3401 1065 3459 dolorem
1083 3412 1112 3459 et
1126 3405 1278 3474 angustiam
1293 3405 1320 3459 ia
1334 3405 1437 3460 eisdem
1452 3405 1582 3460 membris
1595 3403 1659 3459 fecit
1674 3419 1736 3458 enm

102 3499 350 3555 dictoveneraudae
364 3496 502 3552 memoriae
518 3496 726 3566 arctdepiscopo
747 3493 893 3550 Retbcntn·
944 3497 1055 3559 sentire,
1081 3504 1110 3551 nt
1135 3512 1165 3552 se
1179 3496 1288 3568 juvenis
1306 3496 1380 3552 nullo
1410 3497 1491 3551 modo
1523 3496 1596 3551 ferre
1620 3495 1734 3551 valeret.

102 3590 176 3660 gensi
186 3588 308 3644 blanrillo
321 3587 506 3657 postulaturus
515 3585 804 3654 liotlrumagumvenit.
813 3583 895 3640 Cam·
944 3583 1121 3642 Scatiebatnr
1145 3587 1245 3642 etenim
1271 3602 1335 3642 caro
1358 3587 1417 3657 ipsa
1438 3587 1505 3642 tanti
1519 3587 1647 3656 ponderis
1660 3602 1734 3652 esso,

102 3697 156 3750 quc
183 3680 224 3735 stri
248 3680 380 3735 adrentus
402 3693 512 3734 causam
537 3678 656 3749 pontifici
678 3685 834 3748 exponeret,
863 3692 896 3734 ae
943 3677 1013 3732 acsi
1026 3678 1149 3747 quadam
1164 3677 1265 3748 plumbi
1281 3679 1443 3749 gravissima
1456 3679 1541 3734 moles
1556 3679 1589 3732 ad
1605 3678 1657 3732 ima
1672 3693 1736 3733 earn

102 3770 174 3824 iuter
187 3767 271 3824 verba
287 3782 338 3837 pro
357 3767 456 3822 amissa
477 3776 565 3823 statas
578 3766 620 3823 sui
637 3766 832 3837 tranquillitate
847 3782 894 3823 re·
945 3767 1102 3837 detrahens,
1116 3770 1143 3826 in
1160 3770 1204 3824 illa
1218 3771 1259 3825 sai
1277 3772 1400 3841 corporis
1412 3780 1489 3841 parte
1502 3770 1642 3838 penderet.
1655 3767 1739 3824 Catin-

104 3859 308 3917 ltementissinre
325 3859 412 3924 fleret,
427 3859 461 3914 ab
473 3874 557 3916 onere
574 3859 740 3930 praelationis
757 3860 829 3930 qued
843 3859 894 3915 sibi
946 3874 999 3931 que
1021 3862 1048 3917 in
1072 3862 1168 3918 babitu
1184 3878 1233 3918 suu
1248 3863 1395 3918 auxietatis
1421 3863 1633 3933 magnitudinem
1658 3862 1738 3917 dissi·

103 3953 238 4008 fatebatur
252 3952 433 4020 importabile,
448 3960 476 4006 at
492 3950 605 4008 relevari
621 3959 784 4014 mereretur,
797 3963 896 4021 magne
946 3952 1051 4006 molare.
1070 3968 1123 4008 non
1143 3964 1253 4022 posset,
1287 3954 1435 4024 requisitus
1463 3955 1497 4007 ab
1523 3954 1651 4008 beselmo
1672 3955 1738 4022 quid

103 4059 185 4114 apere
208 4042 291 4113 coepit
316 4057 421 4113 rugare.
442 4041 476 4095 dt
496 4040 540 4096 ille
551 4040 630 4095 sicuti
645 4040 687 4094 vir
703 4054 807 4108 magum
834 4053 896 4094 satt-
946 4040 1071 4107 baberet,
1088 4058 1147 4098 rent
1170 4043 1261 4098 celare
1275 4057 1328 4098 non
1347 4043 1444 4113 potuit.
1468 4043 1630 4098 bilmnaitus
1645 4044 1738 4114 itaque

103 4135 204 4189 etitatis
220 4151 227 4187 :
247 4133 316 4195 Noli,
331 4133 428 4202 iuquit,
451 4132 487 4186 mi
500 4131 538 4207 dli
554 4132 725 4196 cbarissitne,
739 4131 810 4202 quod
823 4146 897 4201 quac-
947 4140 980 4188 ιιι
998 4136 1106 4189 modum
1131 4133 1300 4205 aegritudinis
1314 4135 1425 4190 admota
1441 4151 1522 4188 manu
1539 4137 1677 4204 probaret,
1692 4151 1739 4191 rc·

105 4227 143 4280 ris
155 4239 287 4294 quaerere.
300 4234 385 4279 necte
397 4224 599 4280 asubvectiune
616 4223 674 4296 [nt.,
686 4223 895 4297 tesubjectienc]
949 4225 1113 4281 recondetas
1124 4225 1378 4291 recusarit,timeus
1391 4242 1424 4282 ne
1435 4227 1603 4296 propositum
1612 4227 1737 4282 uiolaret.

104 4318 220 4372 aliorum
243 4317 280 4371 tui
305 4317 389 4372 sarlius
411 4332 504 4373 curam
528 4331 625 4389 gerens
647 4317 715 4372 velis
744 4317 894 4372 retrabere.
910 4318 1026 4381 DTnnc
1040 4316 1196 4382 dnselmas.
1212 4327 1353 4388 assumpto
1365 4333 1456 4374 secum
1470 4319 1586 4387 quodam
1594 4319 1738 4389 grandaevo

107 4411 176 4466 lere
201 4410 301 4466 etenim
317 4411 378 4466 dico
401 4410 448 4466 tibi
464 4425 507 4466 nte
530 4411 563 4466 dc
577 4409 668 4465 maltis
690 4409 809 4474 erudisse,
832 4408 898 4464 tttul-
948 4411 1033 4466 fratre
1046 4421 1074 4466 ct
1090 4410 1227 4482 religioso,
1241 4409 1368 4480 juverrem
1383 4411 1539 4480 languidam
1556 4412 1581 4465 in
1608 4413 1739 4466 secretin-

105 4511 201 4572 fasque
214 4503 323 4568 vidisse,
347 4503 392 4572 qul
416 4504 543 4571 queniam
557 4518 640 4560 causa
655 4518 710 4558 sttae
724 4502 823 4572 qnietis
838 4516 898 4571 pro
948 4518 1006 4557 rent
1021 4503 1110 4557 iocum
1133 4503 1217 4569 ducit,
1234 4511 1327 4572 utpote
1351 4503 1461 4557 medum
1484 4501 1651 4557 infirmitatis
1667 4503 1740 4557 illins

106 4593 240 4648 xirnnrum
262 4592 369 4647 utilitati
393 4608 441 4662 per
456 4592 617 4661 pastoralem
641 4591 899 4663 euranrtnrtgtture
949 4596 1309 4665 aguitttrns,etau1ilium
1341 4609 1391 4664 pro
1418 4594 1599 4664 possibilitate
1623 4593 1738 4648 laturas.

107 4684 265 4752 ttoluerunt,
282 4699 330 4753 per.
344 4685 474 4738 alesidiam
488 4685 659 4742 ambulantes
670 4702 778 4755 seraper
787 4688 820 4740 de
830 4683 899 4739 malo
949 4689 1018 4758 Quid
1036 4688 1169 4758 amplias?
1181 4687 1251 4743 Caro
1266 4687 1412 4742 sanissima
1428 4688 1574 4755 reperitur,
1595 4693 1622 4739 et
1644 4687 1740 4739 aduro·

108 4778 134 4831 in
149 4773 225 4847 pejus
237 4774 418 4844 profecerunt.
431 4776 602 4846 Qttaprnpter
615 4793 648 4833 ne
660 4779 706 4832 tibl
719 4778 802 4848 (qaod
816 4775 898 4847 absit)

108 4872 160 4926 boc
177 4868 247 4924 idem
263 4870 410 4940 contingat,
433 4884 482 4939 per
495 4880 618 4923 sanctam
634 4869 816 4925 obedientiam
834 4884 900 4940 prm·

107 4963 179 5034 cipio
202 4969 337 5032 quatenns
354 4960 536 5032 praelationem
556 4975 636 5028 quam
655 4975 727 5014 nuuc
746 4960 829 5015 babes
855 4975 899 5015 rc·

108 5059 204 5122 tineas,
222 5069 272 5111 nec
293 5070 353 5110 eam
374 5053 434 5126 [cl.,
448 5052 516 5126 ianr]
539 5054 588 5109 nisi
604 5062 649 5108 tun
669 5052 782 5121 jubente
802 5053 901 5109 abbate

107 5146 308 5218 quomodolibet
323 5145 448 5211 deseras;
463 5145 522 5199 etsi
538 5144 646 5215 quaudo
659 5143 744 5199 fueris
758 5144 790 5198 ad
813 5145 900 5215 majo·

111 5257 166 5297 rem
178 5248 302 5308 vocatus,
319 5255 379 5294 earn
390 5238 528 5306 suscipere
542 5236 696 5292 nullatenus
709 5237 822 5290 abrtnas.
838 5234 900 5290 Scin

108 5333 181 5387 eninr
195 5332 267 5402 quod
281 5332 307 5387 in
323 5332 374 5388 bac
386 5345 466 5402 quarn
482 5338 557 5385 tenes
573 5344 626 5384 non
645 5328 688 5382 diu
704 5327 836 5392 manebis,
854 5341 900 5381 uc·

110 5439 170 5479 ram
187 5421 221 5476 ad
236 5421 357 5478 altiorem
373 5420 540 5492 praelationis
553 5420 666 5491 gradum
680 5435 735 5474 uon
759 5428 820 5490 post
832 5417 901 5474 mul-

112 5525 167 5570 tam
180 5511 349 5584 prureltcris.
361 5515 464 5580 Quibus
475 5513 587 5575 auditis,
604 5525 655 5575 rae,
679 5510 775 5580 inquit,
800 5509 901 5565 misero

111 5603 187 5662 utibi.
204 5601 233 5658 ltt
249 5616 282 5657 en
295 5603 364 5670 quod
377 5613 456 5674 porto
473 5603 568 5660 deleto
581 5618 587 5668 ;
602 5610 630 5656 ct
651 5601 672 5658 ei
684 5602 792 5673 gratius
817 5600 901 5671 impc-

950 4782 1013 4835 dnm
1025 4779 1114 4834 mirati
1131 4788 1203 4835 snut.
1231 4779 1252 4834 E
1266 4779 1380 4848 vestigio
1395 4780 1494 4848 quippe
1509 4776 1599 4832 nuruis
1619 4776 1662 4830 illa
1681 4779 1741 4831 dia-

950 4870 1037 4927 belicn
1050 4870 1159 4925 vexatio
1172 4869 1255 4934 cadit,
1271 4884 1322 4924 uec
1337 4870 1363 4924 iu
1389 4870 1542 4939 lrajttstnodi
1559 4869 1654 4939 fatigat
1670 4871 1739 4922 ritte-

951 4963 1006 5017 rius
1022 4961 1160 5032 juvenem,
1185 4975 1266 5031 quem
1291 4959 1405 5030 sintplcx
1429 4959 1550 5016 dttsclmi
1579 4970 1740 5030 aspectasa

951 5063 1025 5111 tanta
1040 5053 1117 5111 clade
1135 5051 1198 5108 fecit
1212 5053 1369 5108 immunem.

984 5140 1171 5200 ibl’raeterea
1183 5143 1293 5212 qnidam
1306 5159 1340 5198 er
1353 5143 1549 5213 antiquioribus
1560 5143 1742 5212 ipsinscnno

950 5238 988 5294 bii
1004 5236 1145 5305 fratribus,
1158 5236 1203 5307 qui
1216 5236 1302 5293 reteri
1317 5239 1378 5292 odiu
1391 5237 1534 5306 plnrirntnu
1551 5246 1607 5290 erat
1624 5236 1741 5291 infestas

951 5329 1089 5397 anselmo,
1102 5343 1152 5385 nec
1162 5328 1297 5386 nllateans
1310 5337 1418 5399 poterat
1432 5343 1513 5399 super
1525 5344 1588 5385 eum
1605 5330 1741 5400 respicere

953 5419 1068 5488 simplici
1091 5420 1184 5487 uculo,
1200 5421 1359 5477 infirmitate
1373 5435 1483 5491 pressus
1495 5421 1529 5475 nti
1542 5427 1664 5476 extrema
1679 5434 1742 5490 per-

952 5514 1051 5569 ductus
1065 5523 1118 5570 est.
1140 5515 1208 5570 Corn
1225 5515 1317 5585 itaque
1335 5513 1434 5569 fratres
1462 5513 1611 5569 meridiana
1630 5513 1697 5568 bora
1713 5513 1740 5567 in

954 5603 1030 5660 lectis
1049 5619 1081 5661 ex
1098 5619 1173 5661 atcre
1197 5605 1377 5675 quiescerent,
1395 5605 1451 5672 ipsc
1474 5604 1500 5658 in
1522 5601 1603 5659 domo
1617 5602 1740 5658 latinns·
