3690 6008
61 111 116 169 m
362 174 366 180 ,
567 109 1201 178 mmmmmmmmmm.
1526 73 1530 80 ¹
1639 122 1692 178 m

59 214 211 296 easempe‘r
222 223 277 282 ulai
287 222 378 295 adiuta
393 233 471 282 earet
483 224 531 258 sarr
550 226 603 283 bae
633 227 759 293 ratione,
790 228 852 300 quia
868 222 971 287 allam
991 233 1018 280 et
1037 224 1060 281 si
1082 224 1109 279 iu
1131 226 1216 284 tuam
1232 226 1296 300 (boe
1319 239 1361 284 est
1381 236 1487 285 naturae
1506 229 1641 302 bnamma)
1656 234 1693 290 illi

60 325 160 372 natura
170 317 295 373 subsistit
308 316 334 372 in
345 317 470 387 personis
483 327 511 373 et
521 333 645 389 persona
657 334 710 374 non
722 328 784 374 sunt
795 318 854 374 sine
906 315 1037 371 remansit
1052 315 1141 388 aliqua
1149 316 1264 386 justitia,
1273 327 1303 374 ut
1313 334 1339 374 tn
1355 320 1435 376 rubus
1446 321 1580 392 aliquibus
1590 335 1693 380 metam

59 414 178 472 natura,
206 404 271 460 iacit
284 404 332 438 ’¹⁷’
343 413 439 461 natura
459 422 589 478 personas
603 408 745 463 iulantiuru
759 420 854 479 perta·
904 416 1027 464 seruaret
1040 409 1210 467 uoluntatem
1224 430 1232 467 ε
1248 414 1287 469 sie
1306 421 1396 469 tamen
1410 415 1514 484 priuata
1534 425 1575 472 est
1590 416 1634 471 illo
1647 419 1694 451 ³¹⁸·

10 504 13 510 ’
60 497 156 553 trices.
176 497 222 552 Sic
237 497 364 565 spoliauit
377 512 494 568 persona
513 508 637 555 naturam
658 499 854 571 bonojustitiae
904 498 975 556 dono
984 516 1038 572 qno
1048 502 1100 558 sibi
1111 501 1248 572 iustitiam
1259 506 1395 561 custodire
1404 509 1546 578 poteratin
1554 518 1693 579 posteros;

60 587 186 644 1ιι1ι1ιιιι
200 604 207 642 ε
230 596 258 643 et
279 598 375 644 natura
392 602 475 661 eguus
494 589 565 645 lauta
587 604 681 647 omnes
704 605 851 662 personas,
904 599 935 646 ut
949 592 975 646 in
988 592 1063 648 nullo
1075 607 1169 649 eorum
1185 595 1242 666 ipsa
1256 612 1317 652 eum
1331 597 1419 668 aliqua
1434 600 1538 670 justitia
1555 618 1584 659 se
1596 619 1695 676 propa·

61 694 131 750 quas
148 679 205 750 ipsa
220 679 253 734 de
266 693 295 734 se
317 692 463 750 procreat,
491 681 585 736 eadem
612 691 733 752 egestate
756 695 854 751 pecea-
903 694 970 751 gare
984 691 1075 752 queat.
1100 682 1165 738 Plus
1187 685 1278 755 itaque
1302 687 1348 722 ⁸¹⁰⁰
1368 688 1396 743 in
1415 688 1562 747 infantibus
1586 692 1695 752 aulerre

62 772 147 828 trices
164 778 192 826 et
202 771 318 842 injustas
329 770 404 827 iaeit.
419 770 477 826 line
497 773 577 826 nando
595 774 694 828 transit
712 783 853 844 peceatum
903 771 954 826 sibi
969 787 1022 827 non
1039 774 1133 838 naluit,
1152 790 1232 845 quam
1247 794 1356 833 ornnem
1367 780 1538 850 jJtstitiamet
1550 785 1694 841 beatitudi-
1774 836 1776 840 .

60 859 323 930 Adaepersonalein
339 875 434 917 omnes
448 861 496 895 ⁸¹⁸⁰
516 860 563 930 qui
578 862 612 919 de
628 862 673 918 illo
692 862 855 919 naturaliter
904 875 983 927 nent,
1010 877 1069 932 qum
1093 863 1158 918 nulli
1184 866 1264 920 datur
1291 868 1380 937 aliqua
1404 871 1449 902 ⁸¹⁹¹
1475 875 1578 928 carenti
1604 876 1692 930 debita

59 961 263 1022 propagantur,
284 960 312 1007 et
322 961 364 1008 est
380 954 407 1007 in
429 953 481 1008 illis
496 953 627 1026 originale
645 954 703 1009 sire
719 954 853 1010 naturale.
901 947 1020 1017 justitia.
1037 951 1115 1017 Quod
1140 964 1232 1008 autem
1256 958 1440 1024 proximorum
1462 973 1603 1030 parentum
1625 966 1691 1034 inju-

60 1040 141 1099 Unde
151 1052 227 1114 patet
237 1043 284 1075 ¹¹⁸¹
297 1058 424 1116 magnam
448 1059 508 1100 esse
525 1047 679 1101 distantiam
702 1046 774 1102 inter
792 1060 856 1116 pec·
903 1039 976 1095 stitia
990 1041 1074 1109 possit
1084 1041 1152 1097 bane
1163 1058 1262 1115 angere
1272 1044 1384 1112 iustitiae
1395 1050 1557 1116 nuditatem,
1572 1069 1625 1124 qna
1639 1073 1693 1113 uon

60 1142 153 1189 catum
167 1134 232 1189 bdae
247 1142 273 1190 et
289 1144 431 1205 peceatum
444 1149 538 1191 eorum
555 1178 563 1204 ,
589 1138 652 1206 quia
669 1136 715 1196 itte
733 1135 856 1208 peccarit
904 1129 976 1185 valet
989 1132 1015 1185 ira
1028 1131 1147 1189 infantes
1159 1136 1191 1190 ab
1202 1136 1266 1191 bdae
1277 1149 1404 1207 peccator
1418 1142 1507 1214 ruap'nr
1518 1147 1693 1215 descendere,

59 1222 170 1293 propria
181 1224 339 1288 uoluntate:
355 1224 395 1279 illi
406 1226 522 1280 naturali
543 1236 655 1297 peccaut
674 1229 854 1293 necessitate,
904 1239 958 1277 nun
974 1223 1081 1279 videtur
1104 1227 1242 1296 possibile.
1264 1228 1330 1284 Nam
1352 1232 1395 1287 nbi
1419 1236 1492 1289 nulla
1515 1248 1557 1292 est
1576 1237 1692 1310 justitia,

60 1332 142 1387 quarn
161 1318 270 1389 propria
289 1327 316 1374 et
339 1319 490 1388 personalis
503 1321 601 1375 meruit
623 1320 695 1376 iliius
719 1320 853 1376 voluntas.
905 1313 977 1368 nulla
990 1322 1079 1384 polest
1091 1314 1192 1372 attierri
1203 1316 1318 1387 justitia.
1333 1320 1408 1377 Unde
1421 1333 1511 1379 autem
1525 1327 1595 1382 nnita
1608 1341 1695 1397 potest
1796 1381 1800 1398 ,

60 1404 189 1464 sedeam
201 1421 280 1462 nemo
295 1407 400 1463 dubitet
410 1407 525 1479 ¹¹⁸¹quia
536 1423 585 1478 par
597 1422 678 1478 poena
690 1424 743 1465 non
757 1424 855 1481 sequa·
905 1405 1044 1461 absettlari
1069 1406 1185 1477 juslilla,
1212 1408 1249 1463 ibi
1272 1409 1334 1464 addi
1358 1412 1431 1468 nulla
1454 1415 1527 1471 113Ιέ1
1553 1419 1693 1488 injustitia.

59 1507 106 1554 tur
121 1498 168 1532 ¹¹⁸⁸
182 1498 297 1570 imparia
307 1509 440 1570 peecata,
458 1500 487 1555 in
503 1502 555 1556 boe
568 1511 658 1558 tamen
675 1502 770 1558 similis
781 1512 856 1560 estet
906 1491 1012 1570 Nullam
1035 1509 1101 1566 ergo
1116 1495 1264 1554 infantibus
1285 1500 1342 1556 suis
1363 1501 1463 1558 addere
1478 1516 1580 1580 queunt
1603 1509 1694 1578 injusti

59 1587 1694 1664 mmmwmmmmmmmmmmmfflmwammmmmmwmnmmm

60 1683 217 1739 admittitur
228 1684 261 1738 ad
278 1699 390 1753 regnum
406 1683 462 1751 Dei,
477 1685 510 1738 ad
522 1684 594 1754 quod
605 1683 693 1741 laetus
706 1695 748 1742 est
762 1687 854 1754 homo,
903 1674 1026 1744 Ῑῦθῑῑῑῑίθ·
1041 1677 1076 1732 M
1088 1677 1133 1732 ΠΜ
1151 1679 1223 1735 ”⁰¹¹³
1237 1692 1279 1736 0⁵1
1292 1681 1399 1751 justini
1419 1685 1477 1751 ⁸¹⁰¹·
1490 1689 1557 1744 nibil
1573 1694 1696 1761 lll0¹¹lllt¹l
1769 1736 1771 1742 ·

60 1774 112 1830 nisi
123 1783 295 1846 permortem
305 1773 420 1842 Christi,
445 1775 504 1830 sine
520 1775 640 1845 qua⁸¹⁸⁸
653 1791 706 1831 uon
733 1777 856 1833 redditur
906 1767 1024 1838 aliquam
1045 1769 1107 1839 poni
1122 1769 1256 1840 justitiam
1277 1773 1334 1829 ⁸²⁹³.
1361 1772 1541 1839 verisimilius
1568 1783 1651 1853 igitur
1667 1796 1695 1840 et

60 1863 133 1932 quod
144 1876 194 1932 pro
206 1863 271 1918 bdae
282 1863 530 1934 pereatodebetur.
547 1865 671 1935 quamvis
691 1880 744 1921 non
761 1880 855 1924 omnes
906 1860 1061 1929 possibilius
1075 1864 1195 1934 videtur,
1211 1867 1234 1922 si
1251 1878 1376 1937 parentes
1399 1870 1491 1940 iniusti
1506 1874 1623 1945 aliquam
1639 1881 1696 1935 suis

60 1954 165 2025 pariter
190 1954 217 2010 in
236 1955 341 2012 inferno
371 1956 488 2026 torqueri
513 1970 677 2012 mereantur.
704 1955 771 2012 Nam
796 1966 857 2029 post
905 1951 1055 2012 infantibus
1077 1956 1177 2014 addere
1199 1959 1326 2016 dicuntur
1354 1963 1512 2034 iniustitiam
1539 1968 1597 2035 ⁸¹⁹⁸,
1623 1973 1695 2041 quod
1742 2002 1744 2006 =

61 2044 134 2098 diem
145 2041 239 2113 judieii
254 2045 343 2101 nullus
358 2045 411 2101 erit
424 2045 536 2117 angelus
554 2055 601 2100 aut
614 2047 715 2113 bomo,
742 2047 793 2103 nisi
808 2056 856 2104 aut
902 2041 968 2112 justi
980 2045 1035 2102 suis
1050 2045 1168 2116 aliquam
1186 2049 1252 2104 dare
1274 2051 1380 2120 possint
1393 2052 1440 2085 ⁸¹⁹³
1460 2055 1604 2122 ,ustitiam
1619 2061 1695 2125 Quod

61 2135 90 2191 in
103 2150 189 2208 regno
202 2135 269 2203 Dei,
287 2137 371 2192 autin
384 2136 499 2192 inlernn.
514 2137 553 2191 lta
567 2137 650 2207 igitur
663 2147 691 2193 et
713 2147 854 2208 peecatum
906 2135 928 2190 si
942 2134 982 2201 bt,
996 2136 1099 2193 habent
1122 2135 1242 2194 iniantes
1253 2139 1390 2209 justorum
1410 2145 1528 2216 aliquant
1548 2148 1693 2217 justitium.

64 2226 144 2298 105
158 2225 301 2283 infantium
314 2228 403 2283 miuus
416 2237 458 2284 est
472 2243 552 2299 qnam
568 2227 805 2298 parentandum
829 2238 856 2285 et
906 2224 936 2283 Si
950 2243 1016 2284 rero
1041 2229 1093 2286 boc
1115 2240 1174 2297 est,
1197 2231 1283 2289 levius
1300 2235 1453 2302 damnatur,
1472 2253 1553 2308 quarn
1578 2242 1695 2299 infantes

61 2318 154 2376 trullus
167 2326 256 2374 tamen
268 2320 326 2374 sine
340 2319 383 2374 illa
398 2320 544 2375 universali
565 2318 749 2376 satisfactione
767 2319 856 2375 satra-
903 2314 1037 2385 justorum
1052 2319 1111 2387 ⁸¹⁹⁶,
1135 2322 1159 2376 si
1177 2323 1329 2380 moriuntur
1352 2325 1411 2382 sine
1433 2327 1584 2400 baptisnro;
1601 2346 1648 2388 aut
1671 2338 1693 2391 si

62 2419 123 2477 tur,
135 2426 274 2484 perquam
291 2421 319 2466 et
332 2427 459 2482 maguum
473 2411 520 2444 ⁸¹⁶⁸
533 2421 561 2466 et
576 2425 688 2482 paruum
712 2410 857 2465 dimittitur
909 2408 1058 2475 salventur,
1083 2427 1143 2467 eum
1167 2413 1257 2487 aliquo
1281 2432 1331 2473 sno
1350 2414 1395 2451 ³¹⁹*
1415 2422 1576 2490 praecedeuti
1598 2427 1696 2481 merito

61 2513 215 2576 peecatum.
229 2503 384 2561 curantem
400 2520 452 2561 non
464 2503 685 2561 sitsineilla⁸¹⁸⁸
698 2512 805 2567 morte,
829 2509 857 2557 et
909 2499 1055 2572 eliguntur.
1070 2502 1147 2570 Quod
1171 2503 1271 2561 Paulus
1291 2509 1428 2578 apostolus
1452 2521 1533 2581 negat
1553 2513 1641 2585 (Rom.
1654 2518 1693 2587 r),

62 2597 200 2668 quomodo
214 2613 262 2669 per
274 2596 347 2653 illam
360 2598 396 2654 sit
416 2597 489 2653 sulus
503 2597 662 2664 bominum,
692 2598 719 2652 in
743 2595 856 2666 praelato
906 2591 952 2646 tibi
968 2606 1017 2661 ber
1031 2593 1114 2659 Jacob
1133 2604 1160 2650 el
1173 2594 1246 2650 Ernn
1269 2597 1365 2666 probat
1380 2600 1493 2670 nullum,
1510 2604 1560 2660 nisi
1573 2608 1695 2664 omniunt

63 2688 152 2757 libro,
167 2688 321 2746 sieutbous
343 2689 409 2743 mibi
425 2690 517 2756 dedit,
532 2688 680 2760 qunsiriet
696 2688 760 2744 dixi.
906 2683 1005 2738 merita
1030 2686 1206 2755 preveniente
1230 2689 1317 2758 gratia
1341 2689 1398 2756 ⁸¹⁹⁸,
1423 2693 1532 2750 salvari.
1561 2696 1694 2764 Quoniam

217 2800 332 2859 gppgp
349 2799 433 2856 ιιιιιι
449 2799 514 2873 [at.,
534 2799 629 2872 ιιιιιιιι
646 2799 704 2854 asar·
906 2777 999 2849 itaque
1018 2778 1118 2834 nuliam
1132 2780 1197 2835 dant
1208 2781 1424 2855 justiparentes
1445 2796 1508 2842 ante
1530 2786 1694 2857 baptismum

65 2882 414 2967 mmmmm
432 2904 488 2964 po„
506 2892 657 2947 Mamm
674 2901 856 2963 compagem,
907 2867 1054 2926 infantibus
1077 2871 1135 2926 suis
1159 2871 1311 2942 justitiam,
1340 2874 1440 2931 nullutn
1471 2877 1564 2946 utique
1593 2879 1697 2936 addunt

245 2967 272 3019 in
290 2964 412 3036 originali
426 2973 531 3035 peccato
548 2963 675 3032 filiorum.
867 2945 891 3010 C
906 2959 999 3029 injusti
1013 2961 1069 3018 suis
1082 2962 1253 3033 injustitiam.
1269 2963 1346 3031 Quod
1361 2968 1384 3023 si
1399 2967 1497 3023 dieitur
1526 2967 1696 3030 Nonnddum

101 3058 248 3115 Parentum
260 3072 326 3133 sero
341 3057 528 3128 proximorum
545 3062 655 3127 peccata
669 3054 703 3110 ad
725 3054 857 3129 originale
907 3051 998 3121 iniusti
1012 3062 1138 3122 parentes
1152 3055 1209 3110 suis
1223 3053 1373 3112 infantibus
1390 3056 1507 3127 aliquam
1525 3058 1691 3128 injustitiam.

63 3161 206 3225 peceatum
222 3166 276 3208 non
299 3150 405 3207 aestimo
425 3148 561 3220 pertinere
581 3163 589 3203 a
614 3148 714 3220 quippe
727 3149 750 3204 si
770 3148 855 3205 Adam
907 3144 1006 3215 quibus
1018 3145 1126 3201 auterre
1140 3154 1277 3216 nequeunt
1289 3144 1371 3202 ullam
1384 3147 1533 3218 lustitiam3
1549 3151 1595 3206 sad
1609 3153 1695 3224 origi·

64 3245 234 3315 nequivisset
245 3242 280 3298 ad
293 3256 350 3306 eos,
362 3256 430 3311 quos
443 3247 622 3311 generaturus
633 3249 709 3310 erat,
721 3240 856 3312 iustitiam
907 3232 1011 3299 nalem,
1026 3248 1107 3304 quam
1130 3236 1231 3291 habent
1242 3235 1276 3293 ab
1294 3235 1397 3305 Adam,
1412 3237 1516 3295 iaciunt
1531 3255 1558 3294 ιιι
1580 3241 1620 3296 eis
1633 3257 1695 3313 gra·

63 3349 144 3392 snam
166 3332 314 3403 perducere
335 3329 583 3403 ⁸¹⁸⁸,nequaquam
602 3341 694 3401 posset
715 3330 755 3386 eis
779 3343 856 3387 suam
908 3326 1098 3400 riorumergo
1111 3338 1137 3384 et
1153 3330 1220 3401 justi
1233 3331 1328 3388 insuia
1348 3334 1464 3390 reddunt
1478 3350 1539 3391 eam
1555 3337 1693 3394 leuiorem.

64 3422 226 3493 injustitiam
241 3419 435 3477 transmittere.
448 3417 547 3486 Quare,
558 3419 686 3498 quoniam
697 3419 786 3476 nullus
797 3429 857 3491 post
908 3416 999 3486 Quare
1011 3421 1034 3478 si
1049 3423 1140 3480 minus
1152 3433 1216 3480 sunt
1230 3423 1323 3494 injusti
1340 3425 1458 3484 infantes
1466 3428 1600 3497 iustorum
1613 3446 1693 3502 quam

64 3516 152 3572 Adam
166 3513 229 3571 liliis
243 3513 300 3570 suis
322 3512 408 3584 quirit
426 3510 559 3580 jrtstitiam
573 3525 651 3568 suam
663 3527 783 3583 serrare,
798 3514 857 3569 nul·
907 3509 1080 3581 injustorum,
1093 3514 1183 3571 minus
1195 3515 1295 3573 debent
1310 3519 1449 3589 reprobari
1460 3535 1540 3590 quam
1555 3520 1603 3576 illi.
1618 3521 1694 3589 Quod

48 3606 121 3663 iam
134 3605 214 3663 video
232 3605 368 3660 rationem
383 3616 432 3659 enr
442 3604 627 3674 proximorum
640 3611 781 3673 parentum
796 3618 858 3674 pee-
907 3600 992 3669 tlieat,
1007 3602 1052 3672 qui
1068 3603 1151 3660 audet
1162 3615 1190 3661 et
1210 3607 1354 3665 ostendere
1368 3617 1467 3679 potest.
1494 3610 1550 3683 Ego
1564 3626 1629 3668 rero
1641 3627 1694 3668 uon

64 3707 127 3756 eata
144 3696 261 3752 illiorum
284 3696 400 3751 debeant
424 3693 567 3750 animabus
585 3692 720 3764 imputari.
736 3692 857 3764 benique
908 3689 1006 3757 audeo,
1017 3706 1079 3746 curn
1090 3693 1190 3748 mistim
1202 3694 1345 3765 videamfet
1351 3695 1487 3766 justorum
1497 3707 1525 3754 et
1535 3697 1695 3768 injustorum

65 3788 134 3846 nulli
148 3786 260 3843 dubium
269 3784 520 3855 estquodiulantes
537 3783 637 3839 nullam
652 3790 761 3839 serrant
776 3784 858 3838 recti·
908 3780 1025 3838 tutantes
1048 3783 1094 3819 'm
1118 3784 1152 3838 ad
1167 3784 1294 3854 baptismi
1317 3787 1431 3855 gratiam
1454 3787 1515 3859 eligi
1541 3798 1568 3845 et
1591 3790 1624 3844 ab
1650 3790 1694 3845 illa

65 3879 191 3937 tudinem
203 3877 353 3935 voluntatis
370 3886 482 3949 propter
498 3877 584 3947 ipsam
607 3875 808 3931 rectitudinem.
827 3874 857 3930 ln
908 3871 1057 3942 reprobari.
1073 3871 1125 3930 Sed
1140 3882 1167 3929 et
1181 3873 1233 3930 boe
1247 3873 1269 3928 si
1283 3874 1344 3944 quis
1359 3875 1434 3940 dieit,
1450 3891 1503 3932 non
1522 3876 1592 3933 valet
1605 3889 1696 3936 osten·

65 3970 119 4026 boe
131 3983 198 4040 erqo
216 3978 279 4026 sunt
302 3981 398 4024 omnes
417 3966 520 4039 pariter
540 3965 650 4037 injusti,
674 3965 737 4037 quia
756 3965 857 4020 nullam
908 3963 984 4020 dere.
998 3963 1101 4036 Quippe
1116 3965 1197 4034 sieut,
1211 3965 1263 4022 boe
1278 3965 1366 4031 modo,
1387 3956 1439 4023 uon
1451 3967 1574 4040 estlusto
1587 3968 1695 4039 justior,

64 4059 179 4126 babent,
194 4058 274 4131 quam
295 4058 481 4115 omnishomo
498 4059 598 4115 habere
610 4057 701 4125 debet,
711 4057 855 4130 iustitiam.
908 4053 961 4110 nisi
975 4055 1020 4123 qui
1035 4055 1173 4111 voluntate
1188 4057 1275 4127 magis
1289 4067 1336 4112 aut
1351 4058 1464 4128 appetit,
1480 4068 1526 4113 ant
1544 4061 1693 4133 uitatquorl

65 4153 132 4212 ttae
146 4152 254 4208 nuditas
264 4150 378 4221 justitiae
392 4150 531 4205 deseendit
545 4150 579 4204 ad
596 4163 691 4206 omnes
705 4150 739 4205 ab
753 4148 855 4214 Adam,
908 4143 1002 4211 debet3
1029 4145 1065 4201 ita
1088 4162 1140 4202 non
1165 4156 1206 4202 est
1222 4145 1322 4215 injusto
1343 4148 1478 4218 injustior,
1501 4150 1553 4205 nisi
1569 4151 1614 4221 qui
1636 4151 1696 4222 plus
1787 4189 1789 4193 ψ

64 4245 97 4302 iu
112 4259 166 4317 quo
182 4243 302 4300 bumana
324 4249 421 4297 natum
436 4254 465 4297 se
486 4239 611 4311 spoliavit
631 4240 726 4296 eadem
739 4239 855 4309 iustitia.
908 4246 983 4293 amat
996 4240 1198 4296 auteontemnit
1208 4238 1279 4311 quod
1290 4254 1343 4294 uon
1351 4239 1439 4295 debet.
1448 4240 1476 4295 Si
1489 4241 1570 4311 igitur
1581 4242 1695 4299 infantes

713 4345 1055 4428 rmmmmmm

104 4513 151 4548 ⁸¹¹⁸
175 4514 271 4584 Adjuta
299 4520 406 4569 careret
422 4528 485 4567 mss.
512 4510 580 4565 Vict.
607 4508 676 4564 Tlru.
698 4508 772 4564 Gem.
794 4505 856 4561 bec.
880 4508 990 4562 eredit.
1025 4505 1105 4562 Gotlr.
1132 4507 1222 4578 adjuta
1246 4516 1320 4563 earet
1357 4508 1402 4541 ⁸¹⁷⁹
1419 4507 1494 4563 Fecit
1512 4519 1607 4563 natura
1631 4528 1694 4568 mar.

70 4584 140 4641 Vict.
165 4582 239 4639 Gem.
268 4583 329 4638 Ber.
353 4593 377 4636 et
402 4580 569 4647 turudum.
597 4579 663 4636 iacit
690 4589 787 4634 natura
833 4576 879 4609 ¹¹⁸⁰
902 4576 1048 4634 Personale
1070 4578 1096 4630 in
1120 4592 1214 4632 ornnes
1239 4594 1288 4633 mr.
1316 4575 1379 4631 ilict.
1404 4579 1438 4633 tb
1464 4579 1642 4648 personaliter
1669 4585 1696 4638 in

67 4671 162 4712 omnes
197 4655 243 4689 ³¹⁸¹
260 4655 358 4710 Verrunt
373 4662 446 4723 patet
469 4668 518 4706 mr.
544 4650 614 4705 Vict.
631 4649 745 4706 tbunde
767 4653 841 4717 patet
876 4647 923 4680 ¹¹⁸¹
937 4648 1021 4704 Nerato
1035 4646 1140 4702 dubitat
1160 4664 1223 4703 mss.
1247 4647 1313 4701 Tbu.
1336 4647 1404 4701 l'ict.
1420 4647 1494 4702 Gern.
1507 4648 1570 4703 liae.
1584 4661 1609 4704 et
1632 4653 1695 4707 edit.

68 4724 146 4781 Gutlr.
170 4740 250 4780 nento
273 4723 377 4778 dubitet
413 4720 460 4752 ⁸¹⁸⁸
484 4721 542 4776 Non
567 4729 693 4790 sequetur
726 4735 788 4773 mss.
815 4727 840 4771 et
871 4718 949 4772 editio
977 4717 1085 4772 Gotbr'ca
1113 4730 1166 4771 non
1187 4728 1316 4788 sequatur
1352 4718 1399 4756 ³¹⁸⁸
1424 4717 1620 4790 Christisine
1640 4737 1695 4790 quo

68 4812 133 4850 rnsr.
158 4795 227 4850 Viet.
245 4792 319 4848 Geru.
341 4792 402 4846 Ber.
424 4788 453 4845 S.
474 4789 555 4844 ilict.
579 4803 602 4844 et
617 4791 678 4845 edit.
691 4786 768 4843 Gotb.
787 4787 902 4851 Clarisli,
927 4789 985 4843 sine
1008 4803 1060 4858 qua
1098 4786 1213 4842 ”⁸⁸l‘ur
1231 4803 1311 4859 quam
1335 4802 1461 4858 magnum
1487 4805 1537 4842 rus.
1571 4787 1635 4842 Vict.
1663 4792 1696 4846 19

67 4880 117 4935 per
141 4880 222 4936 quant
246 4873 274 4920 et
297 4876 422 4932 maguum
460 4861 508 4893 ⁸¹⁸⁶
531 4861 596 4916 Siue
619 4860 671 4915 ulla
697 4875 745 4913 rna.
764 4855 829 4911 Vict.
844 4858 876 4912 19
891 4867 914 4911 et
932 4858 994 4912 edit.
1020 4856 1099 4912 Gotir.
1123 4859 1182 4912 sine
1207 4859 1250 4913 illa
1288 4857 1545 4911 ι’171ιίιιιιιιιιι
1573 4857 1695 4915 latta

66 4945 92 4990 ιι
106 4933 172 4989 Tira.
184 4935 237 4990 516
248 4943 325 5004 capnt
340 4932 374 4986 11
411 4931 457 4962 ”⁸⁸
472 4932 554 4986 Suam
568 4931 716 5002 producere
736 4944 786 4981 ms.
811 4926 879 4980 Vict.
896 4927 929 4982 19
956 4928 1063 4982 eredit.
1088 4924 1165 4982 Gotlr.
1190 4944 1266 4984 suam
1290 4929 1437 4996 perducere
1473 4926 1520 4958 ⁸¹⁸⁹
1548 4926 1596 4980 llio
1622 4930 1692 4982 bono

66 5021 132 5059 mar.
149 5003 243 5060 Crater.
260 5001 402 5058 l'lru.l¹r'ct.
419 4999 493 5056 Gem.
506 5003 567 5056 Ber.
580 5011 603 5055 et
620 5001 685 5054 erlit.
698 4997 776 5055 Gotlt.
791 4997 835 5051 illo
851 4996 923 5052 dotto
959 4997 1005 5029 ³¹⁹⁰
1018 4996 1080 5052 Plus
1095 4998 1183 5067 itaque
1194 5016 1254 5053 mss.
1272 4997 1339 5051 l'r'et.
1354 4998 1413 5065 pius
1425 4998 1517 5062 ntique
1553 4997 1599 5029 ⁸¹⁹¹
1611 4997 1695 5052 Datur

66 5075 160 5145 aliquo
170 5092 234 5130 mas.
248 5075 330 5130 datur
343 5072 434 5141 aliqua
455 5072 517 5126 erlit.
532 5069 609 5124 liotlr.
624 5071 704 5124 datur
716 5069 792 5136 quasi
831 5067 878 5098 ³¹⁹¹
893 5068 927 5122 ait
940 5068 984 5123 nbi
1000 5066 1071 5122 nulla
1084 5065 1188 5134 justitia
1202 5086 1264 5122 ntra.
1277 5078 1300 5121 et
1325 5069 1390 5121 edit.
1413 5064 1491 5119 Gotlr.
1505 5066 1540 5119 bt
1552 5065 1597 5120 ubi
1620 5068 1693 5123 nulla

62 5144 169 5215 justitia
185 5161 234 5199 ott.
251 5133 281 5199 S.
295 5141 377 5197 llicit.
392 5151 421 5195 at
434 5143 478 5197 ubi
490 5140 561 5195 uuila
577 5149 618 5194 est
632 5138 761 5208 injustitia
777 5153 827 5191 mr.
844 5135 912 5192 l'r’ct.
925 5138 958 5193 19
985 5147 1032 5193 aut
1054 5138 1100 5191 ubi
1115 5138 1186 5191 uuila
1210 5149 1253 5194 est
1270 5137 1374 5201 justitia
1411 5136 1459 5169 ⁸¹³
1471 5134 1596 5203 Aliquam
1616 5135 1694 5192 inre·

66 5216 128 5272 nire
139 5213 298 5284 injustitiam
312 5228 375 5267 mss.
392 5209 461 5264 l'iet.
473 5210 547 5266 Gem.
563 5211 624 5264 Brc.
640 5221 664 5264 rt
678 5210 741 5264 edit.
758 5205 835 5261 Gotlt.
862 5206 980 5277 aliquam
1007 5208 1069 5279 poni
1084 5205 1218 5272 justitium
1255 5206 1301 5240 ⁸¹⁰⁸
1326 5207 1456 5261 Dicuntur
1475 5204 1606 5272 justitiam
1630 5222 1694 5262 rrrrr.

66 5285 195 5341 dieutrlnr
207 5282 365 5352 injustitiam
401 5280 449 5312 ⁸¹⁹⁸
463 5282 533 5336 Dare
547 5290 656 5350 possent
668 5295 714 5333 rna.
727 5276 821 5332 cister.
844 5278 908 5333 dare
924 5279 1029 5349 possint
1064 5275 1111 5308 ”⁹⁸
1129 5277 1215 5344 eraut
1233 5276 1350 5332 infantes
1370 5276 1504 5343 justorum
1535 5291 1693 5340 utrumnam

66 5344 368 5423 itrlantesinjustoruru
404 5351 449 5384 ³¹⁹⁷
464 5351 561 5420 Aliquo
574 5366 622 5405 suo
637 5366 686 5403 ιιιι.
716 5346 781 5400 l'ict.
800 5347 833 5402 19
855 5349 929 5402 omit.
956 5363 1005 5401 sno
1042 5345 1089 5378 ³¹⁹⁸
1112 5347 1282 5425 Pru·eotlerr·to
1314 5347 1400 5417 gratia
1427 5361 1501 5425 ιιιιι.Ι
1519 5345 1583 5398 edit.
1614 5342 1693 5427 Collo.

65 5426 250 5550 preveniente
280 5423 366 5495 gratia
416 5421 462 5453 ’Μ
490 5424 524 5477 iit
544 5416 681 5492 justorum
702 5417 818 5474 inientes
842 5433 913 5488 mss„
936 5429 958 5471 et
986 5419 1049 5472 edit.
1081 5416 1158 5473 Gotlr.
1193 5426 1220 5472 et
1251 5424 1383 5472 ¹ustorum
1413 5423 1441 5470 et
1467 5425 1625 5483 injustorum
1655 5431 1697 5470 ru·

76 5506 156 5554 11111118

189 5583 325 5646 Parnon.
353 5571 497 5686 tultus
1447 5577 1483 5640 15
