3690 6008
617 241 696 298 l’thl
710 237 874 298 AUCTORE
890 233 1063 292 btbtttttto.
1079 265 1115 275 -
1134 233 1197 289 ttn.
1213 233 1234 288 l.

492 475 669 594 VITA
725 473 986 589 SANGTI
1044 468 1351 584 ANSELlll

601 684 876 782 tuotone
911 683 1198 779 nanneno

238 861 493 923 mututtttttust
512 861 688 924 bdbtcltt).
707 860 830 918 sancet
847 857 997 916 tbsutttt
1010 853 1190 915 btsctt’tluu
1210 853 1254 911 ET
1273 853 1401 912 cuttttb
1415 854 1600 912 lNlillllllUO.
1719 890 1724 896 ·

814 973 1040 993 ...ι’-.-

689 1150 692 1155 -
729 1078 1063 1176 PROLOGUS.

140 1234 272 1302 Quoniam
285 1233 385 1290 multas
398 1242 425 1290 et
446 1240 647 1288 antecessorum
661 1239 814 1287 nostrornm
829 1239 897 1285 tem·
910 1234 933 1290 Α
945 1242 1025 1301 prece
1041 1227 1189 1297 perducere
1204 1232 1247 1292 ut,
1268 1225 1338 1282 sicut
1357 1225 1538 1296 descriptione
1553 1237 1677 1284 notarum
1692 1245 1734 1286 re·

103 1326 217 1398 poribus
246 1325 371 1381 insolitas
402 1339 493 1380 rerum
521 1323 683 1379 mutationes
711 1321 811 1377 nostris
837 1319 895 1377 die·
947 1335 1006 1375 rum
1021 1321 1147 1389 posteris,
1161 1318 1198 1373 ita
1214 1317 1400 1390 designatione
1414 1319 1566 1391 ignotarum
1581 1331 1732 1394 satagerem

103 1425 155 1480 bus
175 1423 203 1477 in
223 1419 320 1492 daglia
335 1419 467 1477 accidisse
487 1427 516 1476 et
533 1416 666 1476 coaluisse
684 1414 895 1488 conspeximus,
946 1409 1007 1483 [al.,
1023 1407 1219 1481 satageremus}
1236 1417 1289 1465 tam
1304 1410 1402 1466 laturis
1414 1426 1494 1480 quarn
1512 1421 1539 1467 et
1555 1415 1733 1484 praesentibus

103 1528 138 1569 ne
159 1512 325 1569 mutationes
344 1511 410 1582 ipsae
430 1520 599 1581 posterorum
624 1507 764 1564 scientiam
788 1508 896 1578 penitus
945 1503 1052 1573 aliquod
1065 1501 1144 1560 cilicii
1162 1503 1215 1559 mei
1230 1518 1328 1560 munus
1346 1504 1511 1575 impendere.
1527 1505 1599 1573 Quos
1614 1510 1732 1577 eoquod

103 1607 235 1673 laterent,
257 1605 380 1676 quaedam
398 1618 431 1661 ex
453 1603 505 1659 illis
527 1603 664 1660 succincte
685 1611 812 1673 excerpta
833 1600 893 1674 [nl.,
944 1593 1081 1651 offendere
1093 1609 1265 1665 summopere
1278 1594 1424 1660 carebam,
1439 1596 1499 1652 dedi
1514 1612 1624 1668 operam
1639 1599 1734 1654 rolan-

102 1694 244 1768 exoeptal,
260 1695 415 1751 litterarum
428 1693 565 1749 memoriae
578 1693 746 1748 tradidimus.
760 1691 812 1748 Sed
825 1707 893 1763 quo·
945 1687 993 1744 tati
1012 1702 1105 1743 eorum
1125 1701 1176 1757 pro
1197 1701 1277 1757 posse
1299 1701 1402 1743 moreat
1426 1703 1531 1758 gerere.
1555 1689 1629 1760 Opus
1652 1690 1733 1761 igitur

102 1785 175 1840 niam
188 1799 259 1855 opus
270 1785 359 1855 ipsum
371 1784 398 1839 in
412 1784 591 1840 hermotimo
603 1791 735 1848 uersatur,
750 1788 820 1839 utet
834 1797 894 1852 quae
944 1781 1030 1853 ipsum
1056 1780 1090 1835 de
1107 1780 1161 1834 uita
1182 1787 1210 1834 et
1230 1779 1435 1835 conversatione
1457 1779 1577 1836 haselmi
1595 1780 1730 1850 archiepi-

102 1874 266 1945 interreges
285 1873 431 1942 alogiorum
446 1882 474 1929 et
487 1872 643 1929 Ausciorum
661 1871 893 1944 archiepiscopum
943 1871 1016 1942 scopi
1027 1870 1229 1927 cantuariensis
1240 1870 1385 1936 titulatum,
1399 1869 1497 1935 taliter,
1511 1870 1565 1927 lieo
1576 1868 1730 1940 adjurante,

101 1962 279 2020 Cantharium
292 1963 364 2019 iacta
377 1971 451 2030 suat,
465 1963 622 2018 inconcussa
636 1962 750 2019 veritate
760 1961 891 2035 designet,
943 1962 1035 2018 curari
1047 1961 1207 2031 disponere,
1222 1970 1252 2016 ut
1266 1961 1391 2030 qaaanris
1404 1960 1475 2017 aliud
1492 1975 1560 2030 opus
1573 1961 1645 2032 qnod
1658 1977 1730 2033 prae-

102 2066 216 2124 quaeqne
233 2054 359 2111 carnibus
374 2068 469 2125 puram
483 2052 589 2109 illorum
602 2053 742 2110 historiam
761 2054 831 2110 scire
846 2069 892 2125 re·
942 2051 1108 2122 signavimus
1122 2066 1156 2106 ex
1171 2048 1267 2119 majori
1284 2058 1360 2120 parte
1373 2048 1407 2106 de
1420 2047 1541 2120 ejusdem
1554 2049 1604 2104 riri
1618 2064 1731 2105 conver·

101 2145 223 2201 lentibus
242 2155 306 2200 tune
320 2144 448 2214 temporis
465 2144 635 2199 innotescere
649 2151 810 2212 potuerunt,
828 2142 893 2200 licet
942 2142 1046 2197 satione
1062 2141 1208 2207 subsistam
1224 2141 1261 2197 ita
1277 2149 1366 2196 tamen
1383 2141 1410 2195 in
1423 2154 1472 2196 sua
1489 2140 1601 2196 materia
1617 2140 1730 2213 integrae

100 2237 217 2304 inculto,
233 2237 315 2308 plano
329 2247 420 2293 tamen
441 2250 566 2293 sermone
584 2234 730 2294 describat.
746 2236 801 2293 Nec
823 2239 891 2294 adeo
941 2232 1105 2288 narrationis
1120 2231 1233 2289 formam
1252 2232 1416 2302 praetendat,
1437 2242 1467 2288 ιιι
1484 2249 1534 2289 nee
1548 2233 1612 2289 illud
1628 2233 1729 2300 istius,

99 2327 249 2399 quidquam
262 2329 288 2383 in
299 2343 329 2386 se
341 2329 493 2394 contineat,
505 2328 577 2399 quod
589 2327 621 2383 ad
635 2327 767 2398 priuatam
779 2341 891 2385 cooner-
940 2339 991 2380 ttec
1005 2323 1076 2380 istud
1094 2321 1165 2378 illius
1186 2336 1236 2393 pro
1260 2331 1352 2377 mutua
1375 2322 1416 2379 sui
1439 2324 1593 2395 cognitione
1614 2324 1728 2380 multum

100 2419 247 2484 sationem,
261 2419 304 2476 rel
317 2420 352 2474 ad
367 2434 472 2476 morunt
488 2419 573 2491 ipsius
586 2417 706 2476 dnselmi
719 2417 889 2489 qualitatem,
940 2415 1066 2472 rideatur
1076 2414 1207 2485 indigere.
1223 2412 1305 2469 Pleno
1318 2423 1407 2470 tamen
1426 2423 1502 2471 aetus
1519 2415 1577 2486 ejus
1597 2415 1669 2471 seire
1682 2430 1730 2471 uo-

100 2509 193 2564 autad
204 2507 395 2565 miraculorum
406 2508 598 2565 exhibitionem
609 2508 746 2578 pertinere
755 2507 888 2573 videatur,
940 2505 1073 2571 lentibus,
1085 2519 1137 2560 neo
1150 2503 1215 2560 illud
1230 2503 1289 2559 sine
1303 2503 1370 2571 isto,
1384 2519 1434 2560 nee
1447 2505 1520 2562 istud
1539 2507 1599 2563 sine
1611 2504 1657 2561 illo
1671 2504 1729 2562 sul·

100 2596 203 2667 placuit
215 2597 377 2669 quibusdam
395 2596 572 2655 lamitiaribus
586 2597 654 2655 meis
668 2610 712 2653 me
727 2597 760 2654 ad
774 2597 826 2655 hoc
839 2611 888 2655 sua
904 2614 926 2670 B
939 2596 1020 2655 licere
1032 2594 1081 2671 [ol.
1096 2594 1183 2669 oasin]
1202 2609 1280 2667 posse
1296 2595 1453 2667 pronuntio.

651 2746 833 2839 LIBER
866 2746 1109 2840 PRIMUS.

560 2895 652 2952 ACTA
680 2894 710 2954 S.
729 2895 880 2955 bNSEblll
898 2896 992 2953 utute
1011 2893 1264 2953 teutscuutuurt.

357 2985 472 3045 curba
489 2986 634 3045 Pillllllll.
939 2987 1020 3045 etiam
1035 2988 1162 3059 prodigus
1176 2997 1257 3058 atque
1269 2996 1415 3044 vastatura
1431 2986 1565 3044 nonnullis
1578 2988 1727 3045 estimare·

100 3097 132 3154 s·
140 3096 257 3154 mam,
270 3108 353 3162 mm.
368 3101 466 3165 Μία,
480 3102 608 3157 gisem„
622 3102 649 3157 g„
661 3100 774 3170 gagga„
789 3102 887 3158 defige,
940 3087 995 3134 tur.
1009 3077 1202 3150 Ermemberga
1214 3094 1279 3135 rere
1292 3079 1370 3135 bonis
1380 3077 1476 3135 studiis
1486 3078 1617 3146 seruiens,
1631 3079 1727 3134 duatus

256 3170 323 3223 ratio
338 3170 370 3224 de
382 3180 453 3225 stota
471 3173 530 3227 aitte
546 3171 735 3241 amplectendo.
939 3186 1032 3228 curam
1048 3172 1116 3230 bene
1132 3189 1239 3245 gerens,
1254 3189 1302 3230 sua
1317 3189 1378 3230 cum
1391 3171 1555 3228 discretione
1568 3171 1728 3242 dispensans

137 3260 163 3314 l.
184 3258 309 3316 lnstituta
325 3261 387 3317 ritae
403 3271 431 3318 et
448 3265 661 3321 conuersationis
680 3264 800 3322 dnselmi
818 3264 890 3323 Can·
938 3273 1019 3336 atque
1036 3280 1217 3330 conservans,
1233 3266 1309 3321 bonae
1331 3262 1543 3320 matrisfamilias
1561 3261 1649 3319 obicio
1665 3261 1727 3317 iun·

100 3350 249 3407 tuariensis
265 3352 458 3425 archiepiscopi
480 3352 630 3410 litterarum
649 3355 788 3412 memoriae
804 3357 889 3414 tradi·
937 3355 1060 3427 gebatur.
1078 3355 1166 3411 llores
1185 3363 1263 3411 erant
1276 3355 1353 3425 probi
1369 3364 1397 3410 et
1410 3353 1677 3426 irreprehensibiles,
1695 3367 1727 3409 ae

102 3451 199 3505 turus,
223 3442 451 3512 primoomnium
474 3454 568 3501 vocata
591 3445 618 3501 in
643 3445 773 3502 auxilium
797 3462 887 3506 meum
934 3447 1011 3518 juxta
1030 3458 1133 3507 rectam
1148 3451 1399 3527 considerationem
1412 3452 1518 3508 ratione
1533 3452 1650 3508 subnixi.
1665 3452 1728 3508 llaec

100 3548 208 3589 summa
226 3533 274 3590 liei
292 3533 432 3590 clementia
449 3542 477 3591 et
493 3536 648 3607 majestate,
668 3539 792 3607 quadam
813 3538 915 3656 hrenig
938 3539 988 3596 luit
1001 3542 1057 3597 rita
1074 3542 1147 3614 ejus,
1169 3543 1196 3597 in
1211 3542 1261 3598 hae
1278 3544 1341 3598 dum
1356 3544 1423 3599 uixit
1440 3545 1608 3614 permansit,
1627 3544 1654 3599 in
1675 3545 1728 3600 hae

99 3623 188 3679 dicam
209 3623 244 3680 de
263 3632 324 3681 ortu
343 3633 372 3681 et
390 3625 511 3682 moribus
524 3635 664 3696 parentum
683 3625 760 3697 ejus,
778 3639 807 3684 ut
825 3628 889 3687 ltine
937 3631 1017 3689 linem
1032 3633 1094 3689 ritae
1106 3633 1197 3689 sortiri
1212 3635 1370 3705 promeruit.
1384 3633 1560 3707 Gundnlpbus
1575 3650 1639 3692 vero
1653 3635 1726 3692 eirca

101 3714 187 3770 lector
203 3714 327 3771 advertat
340 3715 373 3772 de
386 3731 440 3787 qua
456 3716 545 3773 radice
558 3717 688 3788 prodierit
705 3719 776 3788 quod
790 3719 818 3776 itt
832 3728 888 3777 stu·
937 3725 1009 3780 diem
1027 3727 1116 3783 obitus
1138 3726 1198 3793 sni,
1219 3737 1311 3796 spreto
1329 3727 1428 3784 saeculo
1448 3728 1597 3786 monachus
1619 3728 1725 3794 lactans.

100 3806 154 3863 diis
170 3806 316 3864 nasciturae
329 3807 412 3878 prolis
425 3811 593 3879 postmodum
614 3809 697 3866 lulsit.
714 3811 796 3868 Pater
806 3812 889 3884 igitur
937 3814 1085 3870 monachus
1097 3814 1240 3870 defunctus
1254 3824 1304 3871 est.

99 3895 159 3966 cius
181 3897 381 3968 Gundnlphus,
405 3906 491 3955 mater
512 3898 705 3974 Ermemberga
730 3903 886 3959 vocabatur.
971 3904 999 3960 2.
1018 3906 1055 3961 ht
1070 3906 1215 3962 dnselmus
1228 3907 1300 3963 tilius
1313 3909 1428 3975 horum,
1444 3925 1504 3965 cum
1520 3925 1586 3980 puer
1599 3908 1726 3980 parvidus

102 3986 217 4056 Utrique
228 3988 305 4058 juxta
317 3988 407 4045 saeculi
418 3987 575 4061 dignitatem
589 3991 714 4048 nobiliter
726 3993 797 4060 nati,
811 3994 888 4051 nobi·
937 4004 1028 4066 esset,
1045 3998 1194 4066 maternis,
1208 4008 1289 4069 prout
1304 4010 1372 4056 aetas
1391 4016 1438 4056 sna
1458 4002 1621 4072 patiebatur,
1642 4001 1725 4056 collo-

100 4077 163 4132 liter
183 4088 247 4134 sunt
268 4079 296 4134 in
319 4080 357 4151 (Ι)
374 4081 494 4152 hugueta
514 4080 624 4138 civitate
642 4086 804 4141 conversati.
823 4085 888 4153 Qnae
916 4089 1007 4160 ‘quiis
1026 4091 1139 4147 libenter
1156 4092 1274 4148 animum
1293 4093 1457 4150 intendebat.
1476 4096 1509 4150 Et
1529 4095 1620 4151 audito
1641 4112 1727 4150 unum

99 4167 196 4223 civitas
207 4168 325 4225 eontinis
336 4168 496 4241 burgundiae
508 4178 536 4228 et
548 4168 751 4242 langobardia,
765 4175 888 4232 Ermem·
937 4178 1020 4234 beram
1037 4196 1143 4236 sursunt
1156 4181 1182 4236 in
1198 4183 1267 4240 eoelo
1279 4197 1350 4251 esse,
1365 4185 1456 4240 omnia
1470 4192 1620 4256 regentem,
1634 4187 1726 4242 omnia

99 4252 208 4325 bergam
228 4257 255 4312 in
273 4273 304 4314 se
323 4259 420 4324 edidit;
440 4259 629 4331 Guadulpbttm
649 4263 677 4318 in
698 4264 884 4336 Langobardia
898 4275 921 4340 c
936 4269 1138 4335 continentem,
1156 4274 1306 4345 suspicatus
1326 4284 1369 4332 cst
1386 4276 1444 4347 (ἓ),
1464 4285 1556 4349 utpote
1571 4293 1639 4348 puer
1655 4277 1726 4335 inter

99 4353 208 4413 natum,
227 4347 314 4404 civem
335 4350 376 4406 sui
394 4365 427 4406 ex
449 4351 551 4407 adrem
568 4351 642 4409 lecit.
665 4353 807 4425 conjuncti
821 4365 883 4412 anan
938 4370 1043 4416 montes
1063 4361 1199 4427 nutritus,
1223 4364 1319 4419 coelum
1343 4365 1479 4421 montibus
1502 4367 1677 4432 incumbere,
1698 4367 1724 4422 in

100 4434 157 4506 lege
171 4437 320 4510 conjugali,
334 4441 413 4497 ambo
427 4441 527 4500 divitiis
545 4457 597 4499 noa
610 4444 753 4515 ignobiles,
767 4447 814 4503 sed
827 4463 885 4505 mo·
935 4464 988 4519 que
1008 4460 1035 4505 et
1052 4451 1139 4507 aulam
1159 4452 1205 4508 liei
1226 4469 1299 4520 esse,
1324 4471 1437 4527 eamque
1459 4472 1508 4528 per
1529 4467 1636 4514 ntontes
1656 4458 1729 4514 atliri

99 4528 174 4585 ribus
187 4545 220 4586 ea
235 4532 350 4601 quadam
367 4544 443 4604 parte
456 4535 610 4594 dissimiles.
624 4537 799 4610 Gttndulpltus
811 4542 882 4597 enim
933 4555 1022 4611 posse.
1039 4541 1159 4614 Cumque
1171 4545 1222 4599 boc
1238 4546 1336 4617 saepius
1354 4549 1445 4603 animo
1461 4549 1591 4614 volveret,
1611 4550 1723 4623 contigit

98 4619 222 4676 meulari
240 4622 347 4680 deditus
361 4625 442 4695 ritae,
463 4642 517 4683 non
535 4629 602 4684 adeo
617 4643 710 4685 euram
731 4631 788 4686 suis
804 4632 884 4689 rebus
935 4641 965 4687 ut
976 4632 1093 4705 quadam
1106 4643 1185 4692 nocte
1195 4651 1244 4706 per
1255 4637 1342 4694 risum
1357 4640 1461 4696 viderat
1471 4656 1501 4697 se
1516 4641 1614 4697 dehere
1624 4643 1724 4698 montis

99 4715 265 4788 impendere,
280 4717 328 4773 sed
346 4718 437 4775 habita
448 4719 604 4791 frequenter
619 4722 654 4776 ab
669 4736 698 4778 re
710 4721 882 4792 distribuere,
934 4736 1063 4779 cacumen
1086 4727 1252 4795 ascendere,
1273 4738 1300 4784 et
1320 4731 1354 4787 ad
1368 4732 1456 4786 antam
1476 4733 1565 4805 magni
1584 4734 1654 4804 regis
1676 4733 1723 4788 Dei

100 4807 231 4866 initantum
242 4818 272 4865 ut
283 4825 336 4866 non
348 4812 428 4869 modo
440 4813 619 4887 tanguntque
629 4813 777 4883 beneficus,
790 4832 883 4874 rernm
934 4830 1091 4885 properare.
1120 4815 1219 4873 Verum
1251 4821 1407 4892 priusquam
1444 4832 1562 4878 montem
1596 4823 1724 4894 coepisset

703 4927 908 4988 uenscuantt
927 4933 1032 4995 norm
1051 4939 1115 5013 (a).

117 5039 171 5120 ‚fll
191 5039 239 5095 Est
248 5039 308 5123 haee
322 5056 375 5098 non
394 5042 511 5112 Angusta
525 5041 711 5108 Taurinorum,
729 5054 760 5101 ut
776 5045 882 5103 intelle·
934 5053 1051 5108 riensem
1073 5053 1100 5107 in
1124 5054 1303 5121 descriptione
1317 5051 1464 5107 Galliarum
1479 5051 1550 5107 edito
1574 5049 1643 5118 apud
1666 5049 1722 5103 dn-

97 5123 169 5191 1tsse
179 5119 302 5181 arguitur
316 5109 434 5193 'ihomas
446 5111 604 5194 Uniontttut.
615 5115 663 5170 sod
673 5115 791 5186 Augusto
806 5115 880 5173 Prte-
935 5123 1026 5178 dream
1038 5124 1073 5178 dn
1085 5124 1192 5180 Chesne
1212 5132 1284 5177 tonte
1303 5123 1311 5176 Ι
1326 5123 1490 5191 scriptorum
1502 5119 1626 5174 ilistoriae
1639 5117 1723 5173 Fran-

99 5180 350 5322 itantt'tttlt
363 5180 881 5312 ltd.⁵lt⁸⁸tt.tt:.‘²t¹²dlitt?
934 5208 1027 5249 ⁶⁰¹¹¹¹¹¹
1046 5193 1133 5318 '11²3’
1148 5189 1721 5317 tlt.titt..¹²t'¹¹⁵..¹¹tl⁰t¹¹''ltttl·

232 5291 248 5316 ,‚
866 5287 880 5300 ¹
1178 5280 1188 5313 Γ
1309 5280 1336 5315 li
1437 5299 1444 5314 ι
1581 5296 1588 5311 ⁸
1712 5298 1719 5311 ⁵

100 5317 191 5372 dierno
205 5318 380 5401 Pedemontio
394 5336 402 5374 ι
416 5290 494 5375 limes
508 5321 590 5378 ltaliae
603 5270 705 5378 dicitu?
718 5342 732 5380 a
748 5325 840 5381 Selino
854 5338 881 5384 et
935 5279 1117 5396 ggngnapium
1128 5278 1174 5387 ¹ab?
1186 5279 1265 5387 ιιιξιῗιιι
1280 5279 1350 5388 circla
1367 5279 1431 5385 alno.
1443 5329 1524 5384 tuae.

99 5383 217 5455 Capella,
243 5389 283 5471 uti
307 5391 352 5472 bre
371 5389 531 5475 humandis
555 5400 582 5472 et
604 5392 807 5465 longobardia.
833 5397 881 5453 Est
969 5403 1007 5472 (2)
1027 5403 1137 5459 Scilicet
1160 5402 1280 5473 sagana
1301 5401 1478 5469 undeqnaque
1498 5398 1635 5458 montibus
1657 5401 1718 5457 cin-

100 5467 188 5513 autem
208 5458 380 5528 eptscopalts,
403 5475 430 5514 tn
443 5475 580 5530 protracta
602 5463 709 5533 hlpinm
723 5465 878 5532 Graiarum,
932 5473 1014 5544 gitur.
1519 5468 1525 5478 ’

100 5527 148 5581 aab
170 5530 311 5610 metropoli
325 5529 538 5611 Tarentasiensi;
554 5533 612 5587 haee
629 5548 692 5588 veru
705 5549 757 5589 una
776 5552 808 5591 ex
831 5553 879 5593 set
968 5543 1019 5614 (Υ)
1032 5543 1098 5600 dcta
1113 5541 1163 5600 SS.
1180 5541 1313 5607 bottano.
1328 5537 1428 5611 Avillii
1442 5547 1460 5596 ῑ·
1478 5537 1513 5607 ῙῙι.
1527 5539 1571 5598 dli
1581 5541 1626 5597 ²¹·

100 5596 293 5670 taetropohbus
313 5597 472 5672 Bumundtte
491 5599 561 5672 apud
581 5599 740 5662 Gervasium
760 5605 879 5671 lislebe
