3690 6008
160 217 211 274 807
320 215 349 274 S.
366 214 514 274 aelstani
534 216 707 272 clarata.
732 213 892 269 sataliae.
912 211 987 266 opt.
1010 210 1109 267 ratis.
1130 209 1211 264 lt-
1231 207 1419 264 titularius.
1436 207 1479 264 ET
1491 207 1616 264 asciti.
1745 213 1797 268 898

159 333 303 398 differens,
331 332 393 401 qrria
419 331 531 385 Creator
557 329 722 383 eternaliter
754 345 769 382 a
796 328 885 397 seipso
908 334 951 381 εει
966 328 990 385 Α
1004 338 1091 390 araror,
1106 321 1403 393 cariemquerolantas.
1428 322 1461 376 Et
1477 331 1541 377 tune
1565 328 1618 378 erit
1632 324 1797 381 unauolnn-

158 425 246 480 horrus
270 433 295 479 et
325 420 504 477 essentialiter
519 421 599 474 lrorno
612 436 620 473 ι
634 432 696 473 vero
709 419 770 473 itleo
780 419 876 483 botrus,
889 407 951 487 quia
1003 428 1044 474 tas
1058 420 1196 475 Creatoris
1210 460 1217 483 ,
1231 428 1259 474 ει
1283 418 1366 473 creati
1391 418 1522 484 lronrinis,
1545 432 1624 488 qoem
1644 421 1750 474 crearit
1765 423 1798 476 ari

159 516 282 569 imitatur
293 527 354 569 carn
367 512 412 580 qrri
427 510 592 565 aeternaliter
605 510 640 542 ¹¹⁸
654 519 682 565 et
697 509 880 563 essentialiter
894 525 908 562 a
921 523 951 564 se
1001 509 1148 580 imaginem
1176 516 1205 566 ει
1217 509 1423 565 similitudinem
1448 524 1544 576 strata,
1569 524 1630 563 eum
1666 510 1738 566 Deus
1762 511 1797 545 ’δ’

158 602 217 672 ipso
231 611 273 656 est
287 601 383 655 horrus.
397 600 445 654 Est
458 609 567 665 autent,
586 599 655 655 sient
677 599 753 662 dixi,
772 598 886 655 Creator
901 612 949 653 to·
1000 601 1092 656 ornula
1118 602 1146 656 in
1170 601 1297 656 omnibus
1314 602 1367 655 erit
1396 598 1423 668 (l
1435 599 1497 655 Cor.
1518 616 1579 666 xtra,
1592 601 1652 672 28).
1679 601 1708 656 Si
1734 619 1798 660 rero

157 692 262 747 luntate
276 691 372 758 horrus,
386 691 468 746 laeum
481 693 514 745 ad
525 690 729 749 similitudinem
742 689 881 745 Creatoris
908 689 962 745 la·⁴
1000 694 1095 748 eodem
1112 691 1198 748 lilrero
1216 692 1331 747 ar·lritrio
1345 705 1377 747 se
1391 691 1512 762 junxerit
1526 691 1669 748 alesirleriis
1683 695 1796 762 earnis,

157 792 219 838 etus
235 782 373 837 uoluntate
384 782 470 837 bonas
481 783 528 846 ⁸¹²,
544 782 589 836 setl
605 782 632 836 in
655 782 706 836 lroc
729 778 867 846 rlillerens,
878 781 949 851 qnod
999 798 1061 856 que
1074 785 1152 856 quasi
1167 784 1203 818 ⁸⁸⁰
1214 783 1376 840 naturaliter
1392 787 1427 839 atl
1447 783 1537 838 infrana
1555 785 1650 851 teredii,
1667 793 1734 841 tuae
1748 802 1796 842 ro-

156 872 270 927 Creator
284 888 338 927 uon
353 874 410 927 ruit
422 886 472 927 uec
482 880 567 942 potest
580 886 640 926 esse
652 870 693 925 rel
704 869 772 924 aelle
783 869 855 925 alind
868 886 948 941 quam
998 878 1100 945 luntas,
1114 876 1184 931 male
1196 885 1276 931 utens
1291 875 1375 930 libero
1390 875 1522 938 arbitrio,
1538 883 1566 928 ει
1588 890 1654 931 earo
1676 878 1795 932 animam

156 981 217 1021 esse
232 966 331 1026 bonius:
348 966 472 1020 voluntas
484 966 568 1031 eninr,
580 972 608 1018 ει
622 963 741 1032 potentia
755 970 797 1018 est
812 962 848 1016 illi
860 977 949 1018 esseu-
998 984 1117 1041 superno
1132 969 1233 1024 auxilio
1246 967 1403 1022 destitutam
1415 966 1449 1021 acl
1475 965 1602 1022 inferiora
1625 968 1738 1034 trahunt
1749 1010 1757 1035 ,
1770 978 1796 1023 et

156 1057 204 1111 tia.
219 1056 326 1111 Homini
343 1072 407 1112 aero
420 1064 461 1110 est
477 1055 548 1109 alinal
562 1054 687 1108 uolontas
697 1063 724 1108 ει
733 1055 854 1123 potentia
866 1068 947 1122 quam
998 1071 1109 1132 peccam
1120 1059 1237 1115 hominis
1248 1068 1333 1113 toturn
1353 1058 1440 1129 ipsum
1456 1059 1607 1124 horarinem,
1621 1058 1727 1113 scilicet
1737 1060 1795 1114 ani·

155 1149 284 1204 essentia.
303 1146 331 1203 Si
347 1157 437 1203 tarrten
455 1149 601 1203 eoncortlat
619 1161 681 1201 curn
694 1145 830 1200 rolrrutatc
843 1146 900 1211 Dei,
920 1156 949 1201 et
998 1171 1069 1209 nram
1092 1163 1263 1217 stramem,
1286 1152 1312 1205 in
1337 1150 1515 1220 perditionem
1537 1161 1674 1222 mergunt,
1689 1160 1719 1205 ut
1740 1153 1794 1222 jam

155 1240 226 1295 idern
241 1239 299 1295 uult
312 1242 386 1309 quoii
402 1239 484 1306 Deus,
499 1239 627 1309 exprimit
642 1239 668 1291 in
685 1253 715 1293 εε
730 1237 875 1305 iraaginem
888 1237 945 1292 liei.
997 1247 1112 1316 amplius
1122 1260 1177 1300 110„
1192 1244 1291 1299 lrabeat
1304 1243 1356 1298 nisi
1368 1241 1488 1311 malum,
1510 1242 1551 1298 rel
1567 1244 1640 1314 quoa
1653 1243 1689 1276 ιιι
1709 1245 1795 1315 papa.

155 1330 220 1384 Etsi
237 1331 263 1384 iu
277 1331 427 1400 lineasque
440 1331 467 1384 in
480 1329 562 1384 finem
585 1336 742 1397 perseverat
766 1327 813 1393 ⁸¹⁸,
828 1337 947 1382 meretur
998 1347 1042 1394 auf
1061 1339 1112 1394 „isi
1132 1344 1306 1393 tormentum.

154 1433 285 1490 operante
299 1423 472 1478 rniseratioue
485 1422 575 1476 alivirra
589 1430 618 1475 ut
630 1428 693 1491 post
706 1421 732 1475 in
748 1429 882 1476 aeternnm
897 1435 946 1475 ro·
1033 1431 1086 1487 pp,
1103 1411 1150 1484 ιιι.
1173 1428 1225 1484 ffic
1245 1437 1302 1482 Μ,
1323 1428 1400 1482 pom,
1421 1426 1517 1491 pem,
1533 1435 1563 1481 «ι
1589 1442 1644 1481 m„
1661 1429 1793 1497 pempm

154 1512 401 1568 luntatiCreatnris
420 1512 619 1577 sniadlrrereat,
638 1511 754 1578 neejam
779 1511 893 1581 amplius
912 1510 946 1566 ab
996 1537 1055 1575 enm
1076 1518 1145 1574 mata
1173 1517 1303 1572 naililera
1329 1515 1448 1569 oraitrio.
1473 1513 1538 1569 -0
1561 1512 1719 1569 dulcissime
1741 1515 1792 1569 lio·

154 1618 186 1658 ea
201 1603 289 1658 rlirelli
304 1614 397 1671 queat.
421 1604 455 1658 Et
469 1605 538 1658 sicat
553 1613 646 1673 postea
673 1617 780 1673 semper
794 1603 848 1658 erit
871 1603 944 1673 quoti
995 1612 1068 1666 mane
1078 1610 1156 1675 ιιι,0
1172 1608 1291 1678 piissime
1309 1606 1380 1661 peu,
1392 1621 1479 1672 meus,
1494 1607 1608 1665 cmm,
1622 1622 1710 1668 meus,
1720 1607 1792 1662 δὼς

153 1695 218 1759 erit,
231 1696 271 1750 sle
285 1710 393 1764 semper
405 1696 585 1765 quoacunque
599 1695 715 1750 voluerit
736 1695 799 1750 erit.
817 1694 851 1749 Et
874 1695 946 1750 sient
961 1687 983 1746 B
997 1716 1069 1767 mea,
1089 1702 1144 1755 rita
1165 1714 1236 1764 mea,
1261 1710 1321 1768 spes
1344 1705 1371 1750 et
1395 1696 1543 1753 corrsolatio
1565 1714 1636 1763 area,
1659 1696 1792 1768 refugium

154 1787 276 1843 Creatori
293 1803 346 1841 aon
367 1798 408 1842 est
431 1787 503 1841 aliud
525 1787 643 1853 essentia
658 1787 694 1819 ⁸¹⁹
714 1802 795 1856 qaam
808 1787 943 1853 rolurrtas,

154 1869 288 1938 oecaliurl
310 1883 528 1952 voluntasquam
557 1883 687 1947 essentia,
715 1882 755 1938 sic
785 1882 888 1937 homini
918 1883 945 1937 in

154 1972 212 2044 ipsa
235 1974 363 2028 felicitate
388 1973 446 2041 jam
463 1973 602 2034 existenti,
619 1972 767 2028 seetmdum
790 1986 868 2027 suam
888 1985 945 2026 me-

153 2067 228 2130 rlam,
243 2075 297 2119 ιιιιι
311 2064 633 2120 immutabillserittlono
647 2063 788 2118 Creatoris
798 2063 838 2118 sui
851 2063 945 2117 volun·

153 2168 194 2214 tas
211 2175 291 2229 qaam
305 2150 433 2225 essentia,
449 2172 510 2226 qrrae
527 2165 582 2211 tam
592 2157 651 2212 sine
665 2157 746 2212 annio
757 2156 856 2226 poterit
867 2155 945 2226 attid-

152 2252 216 2321 qnial
230 2252 345 2304 voluerit
360 2266 439 2319 quam
451 2250 510 2305 siue
523 2250 604 2305 dubio
616 2248 730 2305 feliciter
744 2250 865 2304 existens
880 2249 944 2303 lelix

151 2344 268 2398 essentia
285 2344 345 2398 erit
362 2342 396 2397 Et
420 2352 483 2398 turre
510 2342 590 2397 laomo
611 2341 720 2396 haieoir
743 2341 857 2397 liberam
870 2341 944 2396 ariri·

153 2436 232 2489 triam
245 2450 308 2489 rere
323 2434 357 2488 alr
379 2435 451 2488 oanni
472 2434 541 2488 nralo
553 2448 585 2487 ex
606 2441 663 2487 toto
684 2432 827 2487 liberatam
840 2432 886 2500 ⁸⁸⁰,
900 2447 944 2488 se·

152 2528 268 2582 eandum
280 2512 352 2596 qarotl
365 2527 410 2581 laic
424 2526 542 2585 interim,
557 2524 621 2579 dam
636 2523 719 2589 riait,
744 2532 874 2594 operante
894 2523 941 2579 oei

152 2619 250 2688 gratia,
268 2619 325 2671 ruit
339 2632 399 2686 (ιιι-ε
415 2617 486 2672 ιιειιε
503 2617 538 2650 ⁸³¹
554 2615 681 2687 praecepit
693 2615 791 2684 lacere,
807 2630 866 2686 que
877 2630 942 2672 vero

152 2710 276 2779 prolrilret
288 2708 325 2740 ⁸⁸¹
339 2709 483 2763 alirnittere.

188 2799 219 2853 Vl
231 2799 278 2853 ⁸⁸⁸.
295 2799 371 2865 Quod
386 2800 462 2853 lromo
477 2800 571 2852 emetat
584 2813 611 2852 m
630 2796 732 2851 danlae
748 2796 860 2861 natant,
873 2812 942 2866 quo·

152 2908 210 2944 ram
229 2892 405 2961 arraeripitur
428 2891 462 2944 ad
485 2905 597 2955 tamma,
623 2887 706 2942 altera
729 2887 883 2958 deprinritnr
906 2889 941 2942 ad

151 2985 252 3038 imau-
262 2983 374 3039 Cerastat
388 2992 478 3037 autem
507 2982 588 3037 houm
602 2995 635 3035 ex
649 2979 685 3012 ⁸⁸⁸
703 2979 808 3046 dpaalrns
818 2980 938 3034 naturis:

995 1808 1096 1860 meram,
1113 1807 1161 1863 per
1173 1791 1287 1866 gratiam
1299 1798 1372 1843 tuam
1385 1797 1412 1843 et
1422 1805 1471 1859 per
1480 1791 1631 1860 piissimam
1641 1791 1793 1845 misericor·

983 1870 1067 1940 'diam
1090 1893 1163 1940 tuam
1178 1885 1297 1955 guberna
1324 1895 1352 1940 et
1378 1884 1481 1940 sustine
1505 1882 1621 1937 liberum
1649 1883 1792 1938 arbitrium

995 1992 1096 2042 meum,
1114 1991 1146 2031 ιιε
1161 1976 1206 2032 illo
1219 1977 1290 2031 male
1306 1977 1406 2030 utentia
1420 1974 1521 2044 possim
1533 1973 1674 2029 ollcndere
1687 1983 1713 2028 te
1729 1976 1788 2030 alul·

996 2067 1138 2123 eissimnm
1151 2065 1309 2124 Creatorem
1324 2081 1431 2131 meum,
1445 2074 1472 2119 ει
1499 2064 1716 2137 quotiescunque
1733 2083 1791 2122 ma·

996 2156 1050 2214 lum
1071 2159 1136 2215 nrilri
1154 2159 1253 2229 placet,
1274 2168 1420 2229 antequam
1449 2157 1513 2212 illari
1537 2171 1620 2226 opere
1638 2158 1789 2228 perficiam,

994 2253 1103 2310 destrue
1126 2252 1162 2287 ³⁸⁸
1187 2261 1215 2308 ει
1236 2252 1371 2309 eorrlnnde
1395 2266 1476 2307 onrne
1500 2252 1601 2306 mairam
1624 2253 1787 2309 desideriam

994 2359 1094 2399 meam.
1114 2343 1184 2399 italo
1208 2359 1223 2399 a
1252 2352 1278 2399 te
1301 2342 1350 2409 ⁸⁸⁸,
1377 2343 1531 2399 dulcissime
1557 2340 1639 2398 Pater
1676 2343 1723 2410 ⁸⁸⁰,
1751 2344 1789 2402 tel

994 2431 1094 2489 inultas
1124 2433 1218 2498 tralri,
1243 2432 1390 2488 ueletiam
1424 2432 1529 2488 eatenis
1557 2431 1659 2503 ligatus
1689 2434 1716 2489 in
1740 2435 1786 2490 ali·

994 2534 1048 2592 qno
1069 2521 1167 2594 angulo
1192 2522 1288 2577 domus
1311 2531 1363 2577 tara
1395 2520 1513 2593 projici,
1539 2537 1620 2592 quam
1636 2540 1652 2577 a
1666 2534 1693 2579 ιε
1712 2540 1788 2595 sepa·

992 2612 1059 2678 rari,
1075 2610 1121 2687 abl
1140 2612 1191 2666 etsi
1215 2609 1269 2668 nou
1285 2611 1436 2682 piissImum
1462 2612 1566 2667 ruitum
1592 2621 1667 2668 tuum
1690 2617 1787 2684 possim

992 2714 1104 2774 propter
1125 2693 1235 2773 peccata
1261 2716 1321 2758 mea
1349 2703 1508 2773 respicere,
1545 2702 1640 2759 saltem
1671 2703 1786 2760 laetitiam

992 2801 1021 2847 ει
1056 2793 1184 2863 gaudiam
1206 2791 1314 2848 illorum
1341 2793 1387 2862 qai
1414 2790 1461 2846 tilii
1491 2792 1661 2848 famulantur
1681 2795 1781 2850 taleam

992 2880 1096 2937 audire.

1029 2971 1106 3040 Quia,
1129 2972 1284 3030 dulcissime
1315 2972 1429 3030 Creator
1450 2972 1484 3005 Μ
1506 2975 1666 3042 lucillinam,
1701 2986 1787 3047 potest

152 3091 184 3131 ex
197 3087 292 3131 natura
306 3076 440 3130 animaeet
456 3089 489 3130 ex
507 3084 604 3128 natura
618 3072 718 3127 earnis.
735 3069 836 3126 Natura
851 3043 979 3129 auitamC
995 3064 1130 3121 aeilinttre
1144 3062 1306 3121 ineffabilem
1324 3065 1473 3122 bonitatem
1495 3075 1581 3133 taam,
1602 3083 1656 3138 qua
1681 3068 1708 3124 in
1729 3079 1784 3124 arn-

151 3165 258 3234 a'uimaa,
274 3167 337 3234 quia
355 3166 443 3219 anima
454 3164 583 3236 spiritalis
597 3162 632 3198 ⁸⁸⁸
646 3171 698 3229 est,
714 3163 873 3218 nataraliter
884 3171 944 3218 teas

151 3256 190 3311 dit
203 3257 236 3311 ati
251 3256 390 3326 superiora
404 3270 411 3320 ;
432 3265 527 3310 natura
540 3265 630 3310 autem
643 3256 744 3318 carnis,
756 3253 818 3324 quia
831 3267 895 3308 earo
908 3267 940 3307 ex

151 3347 288 3403 desiderio
303 3349 328 3402 iu
340 3347 464 3403 carnales
477 3348 612 3418 appetitus
627 3349 683 3402 exit
701 3346 746 3413 ⁸⁸⁸,
767 3347 845 3416 quasi
861 3354 940 3400 natu·

153 3436 247 3490 raliter
267 3436 301 3490 ad
333 3437 423 3490 inlima
446 3437 540 3489 tenalit.
557 3436 605 3490 Est
618 3450 683 3489 vero
706 3436 776 3490 inter
800 3434 849 3489 laas
874 3434 942 3489 duas

152 3536 264 3579 naturas
275 3563 283 3587 ,
296 3540 330 3577 ex
350 3508 447 3592 tauteus
466 3526 545 3579 lioruo
560 3534 683 3590 constat,
701 3525 843 3592 uoluntas,
867 3526 943 3594 qnasi

152 3615 242 3670 irradia
257 3615 359 3669 liabens
379 3614 492 3673 liberum
512 3615 666 3670 arbitrium.
694 3615 752 3683 Quo
772 3616 857 3671 libero
872 3617 944 3672 arai-

153 3708 207 3762 trio
224 3706 246 3761 si
265 3722 294 3762 se
312 3706 435 3776 jarrrxerit
449 3721 509 3761 curn
533 3708 621 3761 anima
646 3707 680 3741 ⁸⁸⁷
701 3723 761 3778 quaa
785 3708 944 3764 naturaliter

62 3856 63 3859 Ἴ
153 3797 239 3852 teutlit
257 3798 290 3853 atl
310 3797 460 3866 superiora,
475 3807 537 3853 tanc
564 3799 653 3853 anirna
672 3799 754 3872 239
768 3807 794 3855 ει
820 3799 943 3856 volumtas

154 3886 315 3961 (opitulante
329 3895 418 3942 tamen
431 3888 524 3943 <lirina
541 3890 639 3959 gratia)
663 3905 772 3952 earnem
786 3889 821 3924 ⁸⁸⁸
833 3906 942 3946 sursum

152 3979 186 4032 acl
200 3977 306 4033 excelsa
318 3993 409 4032 seeum
420 3978 537 4043 elevant,
548 3989 575 4033 ει
587 3981 613 4033 in
624 3988 725 4035 aeterna
740 3980 868 4036 felicitate
882 3981 942 4036 sine

152 4069 352 4126 linericturam
366 4069 470 4137 locant,
484 4069 578 4139 utjam
600 4072 715 4141 amplius
736 4088 793 4126 nou
813 4073 849 4128 sit
870 4074 942 4128 inter

998 3165 1054 3212 turn
1067 3155 1260 3212 “taurinum
1281 3166 1406 3212 naturam
1425 3155 1561 3221 dilexisti;
1579 3168 1607 3211 ut
1626 3173 1680 3213 non
1702 3159 1784 3214 solnm

994 3261 1054 3303 eam
1069 3261 1179 3303 creares
1188 3247 1305 3314 ⁸⁸⁹,eum
1317 3263 1370 3302 non
1383 3248 1518 3312 essetsed
1530 3258 1558 3302 tn
1577 3248 1648 3319 ipsa,
1663 3249 1783 3316 Creator,

994 3339 1063 3410 ejus,
1079 3353 1128 3409 pro
1138 3352 1231 3394 arante
1243 3337 1303 3407 elas
1323 3348 1446 3394 ereatura
1461 3338 1561 3394 lieres?
1577 3339 1661 3410 Cujus
1671 3356 1719 3397 cor
1734 3351 1784 3397 taor

995 3429 1101 3496 durum,
1126 3438 1181 3484 tarn
1197 3429 1332 3497 ferreum,
1355 3432 1443 3486 sciens
1462 3439 1489 3486 et
1507 3431 1664 3502 intelligens
1683 3443 1783 3489 tantam

995 3521 1166 3577 dilectionem
1181 3529 1254 3576 taam
1268 3535 1333 3592 erga
1347 3521 1485 3576 hominem
1503 3538 1584 3592 quem
1601 3525 1716 3589 creasti,
1734 3540 1784 3580 uon

994 3621 1085 3681 potest
1097 3610 1222 3680 emolliri,
1242 3621 1269 3669 et
1284 3621 1368 3669 lolam
1384 3612 1515 3685 liquenari
1529 3616 1556 3670 in
1575 3616 1691 3686 gratiam
1701 3626 1729 3672 ει
1739 3631 1783 3673 re·

996 3706 1163 3762 serationem
1178 3714 1231 3762 tuae
1246 3706 1415 3762 dulcedinisl
1430 3705 1509 3774 Vere,
1524 3708 1614 3762 anima
1634 3724 1706 3775 mea,
1725 3725 1784 3766 rere

996 3809 1043 3851 cor
1053 3811 1154 3862 rneum,
1168 3803 1196 3851 et
1209 3796 1301 3851 omnia
1320 3796 1417 3851 intima
1432 3811 1503 3861 mea,
1518 3797 1617 3852 mirum
1636 3809 1680 3854 est
1694 3800 1718 3856 si
1735 3817 1783 3854 uu·

996 3903 1077 3959 quam
1100 3894 1181 3943 tantae
1198 3888 1340 3944 eharitatis
1363 3896 1497 3958 tantaque
1520 3889 1630 3960 pietatis
1649 3889 1785 3948 Creatoria

994 3978 1078 4034 vestri
1092 3979 1205 4048 potestis
1220 3978 1351 4034 obliuisci.
1367 3978 1448 4047 Eece,
1460 3980 1541 4034 raiser
1556 3979 1650 4047 ionae,
1665 3983 1733 4050 quial
1746 3984 1782 4038 le·

994 4069 1032 4123 cit
1045 4069 1158 4124 Creator
1173 4078 1245 4133 tuus,
1259 4069 1323 4139 quiri
1341 4067 1406 4124 lecit
1421 4069 1551 4128 Dominus
1568 4081 1643 4127 taus.
1660 4072 1731 4144 lpse,
1742 4074 1783 4130 cal

151 4175 261 4217 earnem
274 4170 300 4217 ει
311 4162 430 4216 animam
441 4160 495 4217 ulla
507 4163 676 4234 repugantia,
686 4164 733 4219 serl
748 4177 855 4235 seraper
869 4164 941 4220 idem
957 4173 1100 4234 nsemper
1122 4175 1181 4217 esse
1211 4171 1273 4229 est,
1299 4170 1326 4217 et
1356 4177 1544 4234 temperasse
1569 4167 1620 4223 tirit
1649 4167 1704 4236 ⁸⁸⁶,
1733 4167 1782 4223 ia·

805 4341 922 4397 valtlAE
941 4339 1140 4399 paelicatus.

187 4475 223 4509 ⁸¹⁸
237 4475 300 4532 ideo
311 4484 353 4531 εει
377 4477 474 4541 bontas,
492 4479 554 4549 qrria
572 4477 693 4533 imitator
707 4492 768 4533 eum
784 4479 828 4548 arri
844 4477 1010 4535 aeternaliter
1024 4494 1073 4532 mr.
1087 4492 1102 4532 a
1114 4477 1171 4532 ileo
1183 4485 1226 4531 est
1239 4476 1326 4530 bonus
1340 4489 1386 4544 qtrr
1400 4476 1566 4531 aeternaliter
1601 4474 1639 4508 ⁸¹¹
1649 4474 1739 4532 llomo
1749 4474 1783 4532 ad

151 4545 355 4601 similitudinem
371 4551 501 4604 creatoris
515 4549 603 4604 lactas
618 4549 758 4604 voluntate
771 4549 873 4614 bonius,
888 4566 938 4604 ms.
960 4551 1016 4602 aare
1029 4547 1123 4601 anrittit
1173 4545 1209 4578 ⁸³⁸
1223 4546 1250 4600 ln
1267 4546 1347 4600 starem
1360 4556 1469 4600 marreat
1489 4561 1538 4602 aaa.
1554 4546 1580 4600 ia
1596 4544 1679 4601 linem
1693 4561 1783 4617 perse·

151 4627 231 4669 verat
266 4617 302 4647 ⁸¹³
318 4615 376 4671 Non
392 4627 435 4674 est
456 4619 528 4675 aliutl
541 4620 675 4682 volutatae,
691 4618 762 4673 aliua
782 4620 901 4674 essentia
919 4618 980 4673 :sic
992 4635 1040 4672 nra.
1055 4633 1108 4673 non
1122 4624 1163 4671 est
1176 4615 1248 4670 aliutl
1263 4617 1381 4671 essentia
1396 4631 1477 4685 quiam
1496 4617 1700 4682 uoluntasnec
1713 4615 1784 4671 aliatl

152 4684 276 4740 voluutas
288 4701 370 4756 quam
388 4690 505 4743 essentia
527 4708 533 4743 :
554 4690 593 4744 sie
629 4689 664 4721 ⁸⁸⁰
677 4689 716 4744 aa
730 4691 803 4744 orani
827 4689 897 4744 malo
911 4689 1054 4745 liberatum
1075 4703 1124 4740 ma.
1139 4685 1174 4740 ab
1184 4685 1257 4741 omrai
1277 4685 1346 4739 malo
1366 4699 1400 4739 ex
1413 4695 1468 4740 toto
1484 4686 1631 4741 liberatum
1668 4685 1706 4718 ⁸⁸¹
1718 4686 1783 4742 Gra·

153 4755 200 4820 tia,
220 4755 275 4809 vult
290 4771 350 4834 arrae
370 4756 500 4812 Deusara.
517 4761 607 4831 gratia
622 4774 714 4815 seeum
737 4759 794 4813 ralt
808 4760 921 4830 etponit
934 4760 1003 4814 bona
1018 4773 1078 4828 qnae
1093 4758 1163 4812 aeus
1202 4755 1236 4787 ⁸³¹
1250 4756 1315 4821 pria
1328 4754 1453 4825 prolribet
1467 4773 1516 4811 ιιιι.
1532 4771 1593 4825 quae
1610 4756 1783 4840 ueroprolri·

152 4824 198 4880 bet
233 4825 269 4859 ⁸³⁸
283 4824 297 4898 5
313 4825 355 4882 ll.
370 4825 446 4894 Quod
462 4829 543 4886 lroum
557 4831 656 4886 existat
669 4846 701 4886 ex
719 4830 824 4885 duabus
837 4831 952 4895 nataris,
966 4840 1081 4899 quarum
1098 4841 1150 4880 una
1162 4825 1280 4896 exigitur
1294 4827 1327 4880 ari
1339 4840 1456 4892 summa,
1478 4826 1562 4881 altera
1573 4826 1737 4896 deprimatur
1748 4825 1782 4882 ad

151 4895 205 4952 ima
220 4912 268 4951 ma.
291 4898 368 4964 erorl
382 4899 463 4953 borno
473 4901 593 4957 existens
611 4901 639 4957 in
652 4901 756 4956 duabas
768 4900 872 4955 araturis
887 4900 933 4964 sit,
946 4913 1061 4969 quarum
1076 4911 1128 4952 una
1144 4896 1270 4965 dirigitur
1290 4896 1323 4950 aa
1342 4909 1460 4962 samma,
1472 4895 1558 4951 altera
1577 4894 1782 4968 deprimitnratl

150 4967 215 5021 ima.
253 4966 289 4998 ⁸³⁸
303 4967 415 5024 Constat
429 4979 517 5025 autern
531 4973 621 5026 aniraa
631 4985 665 5027 ex
677 4988 725 5026 rna.
739 4978 845 5027 corastat
861 4981 950 5026 autem
964 4967 1066 5040 (homo)
1082 4983 1115 5022 ex
1152 4964 1188 4999 ⁸⁸⁸
1199 4967 1295 5021 Anima
1310 4979 1355 5020 res
1369 4965 1516 5036 spiritualis
1528 4983 1578 5021 aaa.
1598 4968 1690 5022 arrima
1705 4966 1783 5036 spiri·

151 5037 233 5092 taralis
269 5038 305 5071 ⁸³⁶
317 5039 346 5092 ln
360 5040 484 5095 carnales
498 5042 699 5111 appetitasexit
710 5059 759 5096 nra.
774 5041 895 5096 earnalis
910 5041 1046 5111 appetitus
1060 5037 1126 5092 exiit
1162 5037 1198 5070 nr
1213 5037 1280 5093 Cum
1295 5038 1385 5091 anima
1399 5036 1525 5092 voluntas
1537 5053 1588 5092 aaa.
1602 5051 1664 5093 cam
1679 5041 1780 5101 anima,

150 5123 211 5178 quae
222 5109 383 5164 naturaliter
397 5111 483 5165 tendit
496 5115 530 5165 ari
541 5113 693 5182 superiora,
709 5119 772 5166 tune
784 5110 875 5166 anima
887 5121 915 5165 et
934 5109 1057 5166 voluntas
1093 5107 1127 5140 ⁸¹⁸
1139 5106 1230 5164 Gratia
1251 5115 1279 5161 et
1300 5108 1401 5173 anima,
1418 5121 1527 5161 earnem
1542 5124 1592 5161 aaa.
1611 5108 1710 5176 gratia,
1723 5121 1782 5161 ear-

152 5192 212 5232 nem
249 5179 510 5236 ⁸⁸·sauiliruainem
527 5177 1240 5245 suanaeum[leoninasimilitutlinemsni,tantlem
1252 5177 1323 5233 Deus
1359 5174 1781 5247 ⁸¹⁰Quaequasima.quaeuaia

149 5247 184 5279 ⁸⁸¹
200 5247 249 5303 Vel
264 5252 335 5320 rruorl
350 5266 399 5305 ιιιι.
419 5266 467 5319 per
480 5252 552 5320 quoti
599 5253 634 5292 ⁸⁸¹
648 5250 663 5323 5
677 5250 729 5306 vti.
755 5252 804 5306 iiie
825 5259 886 5305 orat
914 5251 996 5305 lromo
1009 5249 1106 5314 Derim,
1122 5258 1152 5304 at
1174 5263 1226 5304 noo
1240 5248 1379 5318 permittat
1393 5262 1455 5305 eam
1471 5247 1541 5302 male
1556 5248 1593 5302 uti
1608 5248 1695 5304 libero
1709 5239 1780 5302 arli-

151 5319 204 5372 trio
216 5336 265 5372 aar.
281 5322 324 5375 irie
335 5330 394 5375 orat
408 5321 490 5375 lromo
505 5323 599 5386 Deum,
614 5336 640 5374 ut
661 5336 715 5376 non
730 5325 869 5393 permittat
879 5334 940 5375 eum
955 5319 992 5373 uti
1003 5318 1073 5373 nralo
1088 5334 1138 5374 nee
1151 5319 1237 5375 lilaero
1257 5318 1371 5376 arlritrio
1406 5317 1567 5374 ⁸⁸⁸Domine
1581 5316 1783 5384 lesacensis,

151 5387 232 5441 (lata.
251 5388 408 5454 llorruue,0
445 5391 706 5460 iitipsnmdesnne
731 5409 780 5447 mr.
806 5392 914 5446 destrae
950 5389 985 5423 ⁸⁶⁸
1000 5389 1069 5443 llalo
1089 5393 1122 5443 ati
1137 5398 1164 5444 ιε
1183 5405 1232 5443 aar.
1258 5389 1401 5444 maloate
1437 5387 1473 5421 ⁸⁸⁸
1489 5389 1650 5444 Dulcissimo
1668 5388 1782 5444 Dorrrina

152 5453 233 5509 Pater
247 5475 286 5511 aar
309 5461 468 5517 oarleissime
487 5462 569 5517 Pater
605 5462 639 5494 ⁸⁸⁷
655 5461 770 5518 Creator
782 5461 902 5516 omnium
927 5476 975 5517 mr.
1000 5459 1113 5515 Creator
1127 5459 1265 5515 horaiuum
1301 5459 1336 5493 ⁸⁸⁸
1351 5458 1427 5527 Quod
1442 5458 1468 5513 ln
1482 5467 1588 5514 tantum
1610 5473 1661 5514 aar.
1685 5474 1741 5530 qua
1754 5457 1781 5511 ‘tn

153 5534 257 5648 Qu?
282 5533 316 5567 ιι·
337 5529 408 5607 pana
419 5546 545 5656 caussares
556 5549 604 5589 aar.
631 5547 692 5590 eam
707 5546 816 5590 creares
852 5530 888 5565 ⁸⁸⁰
904 5531 964 5602 lpse
977 5531 1052 5589 enim
1066 5544 1175 5602 semper
1188 5544 1249 5589 esse
1261 5537 1302 5588 εει
1319 5538 1347 5588 ει
1364 5544 1471 5601 seraper
1486 5528 1537 5587 luit
1546 5545 1597 5586 ara.
1609 5527 1670 5603 ipse
1684 5529 1729 5589 cui
1740 5533 1783 5587 εει

224 5609 239 5648 t
264 5611 373 5666 semper
390 5614 450 5657 εεεε
475 5603 514 5658 ait
1490 5644 1492 5648 Α
