3690 6008
103 227 151 282 779
273 222 302 279 S.
319 220 469 277 tristabat
483 216 657 275 ctllttbab.
680 212 839 270 nnetttbb.
859 211 934 268 OPP.
958 212 1048 268 bans
1062 214 1092 268 ΙΙ.
1114 244 1148 257 -·
1163 213 1348 272 PARAENET.
1368 215 1409 271 Et
1434 214 1556 273 ASCET.

1685 218 1734 274 reb

101 338 205 395 mortali
224 351 302 407 quam
321 348 392 388 notre
417 330 589 391 circumfero,
609 325 758 380 circumdet
780 337 824 377 me
852 322 893 376 di·
907 324 930 381 Α
944 338 1081 395 nunqnam
1093 326 1218 382 amisisti.
1230 327 1371 399 Nunquam
1384 329 1472 399 inops,
1487 337 1514 385 et
1528 333 1630 398 gaudes
1641 329 1734 386 lucris,

101 431 180 487 lectio
196 439 255 494 tua,
273 427 308 481 sit
322 425 418 477 anime
433 435 499 474 meae
511 418 587 487 qnasi
605 415 794 470 uestimentum
812 413 892 468 dcco-

101 523 244 586 ris,utnon
256 515 326 570 unda
337 511 384 568 sed
391 510 485 565 restite
496 507 657 570 inveniatur,
670 515 696 560 et
709 504 807 558 babeat
821 503 892 558 unde

100 608 305 667 abscondantur
321 604 424 658 inlrrma
437 599 539 670 eiusab
552 597 637 653 oculis
651 597 713 651 tuis.
722 596 811 667 ignem
825 594 891 649 alie·

101 715 176 765 num,
192 699 280 766 ignem
296 695 341 765 qui
360 709 408 763 per
428 690 598 747 aduersarios
620 697 680 744 tuos
695 688 800 751 ardeat,
824 683 893 739 bile·

101 787 226 845 lectionis
242 795 294 841 tuae
320 783 411 839 leruor
431 781 539 851 elonget
556 796 570 833 a
586 794 629 834 me
647 796 654 831 :
670 777 787 831 animam
803 788 890 830 meam

100 882 133 936 ad
150 891 175 935 te
194 878 351 934 Creatorem
375 887 454 928 strum
480 869 584 925 attollat
598 886 605 937 ;
620 876 648 925 et
672 875 800 938 qnantum
825 865 891 921 satis

66 1030 69 1035 ,
100 982 152 1038 est,
167 980 213 1025 tuo
228 967 318 1024 diuino
330 965 430 1019 lumine
446 977 506 1017 eam
519 962 673 1030 immergat.
694 958 805 1013 Domine
815 954 889 1023 lesu,

99 1062 254 1132 omnesqui
276 1070 302 1116 te
326 1059 451 1130 diligunt,
476 1055 631 1126 repleantur
657 1052 891 1108 benedictionibus

101 1155 163 1210 tuis.
189 1151 356 1208 decedentes
386 1149 419 1203 ad
438 1156 474 1212 te,
493 1147 519 1201 in
539 1146 608 1200 ctelo
625 1143 796 1206 scribantur,
812 1151 841 1195 ut
855 1140 892 1196 sit

99 1264 152 1317 pax
168 1246 209 1301 cis
220 1246 247 1299 iu
260 1243 402 1299 uelamento
426 1239 530 1294 uiarum
556 1247 661 1290 terrum
681 1233 767 1307 (Ptol.
781 1250 848 1298 ιιιι,
862 1231 890 1303 8)

99 1354 147 1408 per
165 1351 262 1392 etam.
279 1334 337 1389 Tibi
350 1340 451 1394 autem,
471 1329 548 1383 unice
573 1327 635 1392 bet,
652 1326 689 1380 sit
701 1340 763 1380 cum
790 1333 890 1378 aeterno

102 1429 182 1484 Patre
197 1436 225 1482 et
239 1436 335 1482 satrcto
352 1423 454 1492 Spiritu
473 1420 530 1473 laus
551 1416 720 1480 indeficiens,
737 1413 891 1469 inviolabile

100 1523 193 1584 decos,
217 1529 245 1573 et
269 1515 384 1573 solidum
414 1526 535 1583 regnum,
559 1522 724 1579 permanens
744 1506 771 1561 in
793 1504 890 1561 saccula

102 1611 271 1667 seculorum.
285 1608 380 1661 Amen.

334 1689 521 1750 blbblTlel)
534 1690 592 1744 lilii
607 1689 653 1744 ¹⁵¹.

943 412 1083 485 Nunquam
1097 417 1180 489 228
1194 433 1302 484 auarus,
1318 429 1345 474 et
1361 435 1458 475 usuras
1472 420 1568 491 erigis.
1585 419 1734 491 Supcrcro·

942 519 990 575 gas
1004 506 1047 561 cui
1060 521 1112 561 non
1123 509 1220 574 debes,
1232 509 1274 564 rel
1290 524 1396 580 semper
1406 520 1619 580 supererogatur
1636 512 1685 566 tibi
1707 522 1735 568 nt

943 596 1049 653 debeas.
1062 596 1095 652 Et
1106 600 1167 669 quis
1180 601 1263 657 babet
1272 602 1307 634 Μ
1322 603 1470 672 quidquam
1481 618 1535 658 non
1549 613 1624 659 tuum
1639 605 1651 659 ‘l
1664 605 1734 662 lted·

942 689 984 745 dis
995 689 1096 756 debita,
1107 691 1173 746 nttlli
1187 692 1297 748 debens.
1311 694 1399 750 bonas
1410 694 1510 760 debita,
1523 695 1589 749 nibil
1602 699 1733 765 perdens.

943 779 993 848 Qui
1014 781 1113 853 ubique
1124 799 1163 849 es,
1177 794 1203 838 ct
1215 785 1315 855 utrique
1328 795 1410 842 totns.
1426 784 1476 852 Qui
1489 788 1584 842 sentiri
1598 797 1688 858 potes,
1707 797 1735 846 et

942 869 1027 925 uideri
1040 887 1091 927 non
1108 882 1194 943 potes.
1213 873 1263 942 Qui
1284 890 1415 945 nusquam
1440 877 1513 943 dees,
1535 887 1674 935 ettamen
1699 883 1734 939 ab

942 957 1095 1027 iniquorum
1110 963 1317 1033 cogitationibus
1334 964 1412 1036 longe
1428 981 1466 1021 es.
1479 965 1529 1033 Qut
1546 984 1596 1023 ncc
1609 969 1645 1023 ibi
1658 970 1733 1039 dees,

942 1048 985 1103 ubi
999 1049 1076 1118 luinge
1088 1067 1133 1118 es;
1146 1054 1209 1123 quia
1226 1055 1270 1109 ubi
1286 1071 1338 1110 non
1355 1072 1385 1110 es
1399 1071 1446 1124 per
1461 1059 1588 1128 gratiam,
1605 1060 1672 1115 ades
1687 1077 1735 1131 per
1756 1080 1761 1092 ·

942 1142 1098 1197 uindictam.
1114 1143 1164 1210 Qui
1182 1145 1281 1215 ubique
1299 1162 1420 1216 praesens
1435 1163 1475 1215 es,
1498 1158 1525 1204 et
1547 1151 1593 1204 rix
1616 1152 1733 1209 inueniri

942 1242 1026 1303 potes.
1038 1237 1123 1303 Quem
1135 1245 1250 1293 stantem
1263 1239 1412 1309 sequimur,
1424 1249 1451 1295 et
1464 1243 1669 1312 apprehendere
1680 1260 1732 1301 nott

941 1325 1069 1380 ualemus.
1085 1327 1134 1394 Qui
1151 1337 1225 1383 tenes
1237 1329 1337 1395 omnia,
1352 1329 1445 1398 imples
1457 1333 1557 1399 omnia,
1573 1334 1732 1406 circumple-

941 1418 1024 1474 cteris
1041 1421 1144 1488 omnia,
1166 1421 1356 1491 superexcedis
1376 1424 1478 1489 otunia,
1499 1426 1617 1482 sustines
1630 1428 1731 1484 omnia.

941 1510 991 1578 Qui
1008 1511 1088 1566 corda
1110 1510 1229 1565 bdelium
1256 1511 1337 1566 doces
1359 1512 1417 1568 sine
1437 1515 1549 1584 strepitu
1574 1518 1730 1573 uerborum.

942 1601 992 1668 Qui
1009 1600 1075 1656 locis
1089 1615 1142 1655 nou
1166 1599 1340 1665 distenderis.
1357 1616 1406 1657 nec
1420 1606 1583 1674 temporibus
1605 1610 1730 1674 variaris,

941 1709 991 1749 nec
1007 1693 1090 1748 babes
1107 1706 1232 1747 accessus
1255 1701 1282 1747 ct
1302 1708 1434 1750 recessus.
1449 1695 1498 1762 Qui
1525 1698 1629 1754 trabitur
1647 1699 1731 1757 luceru

136 1790 283 1847 Pronurus.
296 1816 330 1826 -
341 1784 472 1848 Quoriiam
487 1782 513 1835 in
530 1779 618 1835 medio
635 1780 791 1850 laqueorum
808 1776 889 1847 posui
938 1783 1140 1840 supereminerent
1152 1824 1160 1850 ‚
1172 1801 1246 1855 quem
1257 1785 1345 1839 „uum
1362 1787 1495 1841 pom-,mm
1510 1789 1572 1842 „idn
1583 1806 1629 1844 m
1645 1792 1731 1848 „idm

100 1869 203 1944 sunaus,
219 1877 297 1932 lacile
310 1891 324 1930 a
339 1874 443 1930 emlesti
461 1872 598 1928 desiderio
613 1871 794 1942 frigescimus.
819 1870 891 1937 Qua·
939 1885 1020 1947 potest
1042 1873 1066 1947 (l
1085 1873 1152 1928 Tim.
1167 1890 1207 1939 rr,
1221 1875 1275 1946 td).
1290 1875 1318 1930 ln
1335 1886 1360 1931 te
1374 1893 1485 1933 manens
1498 1879 1616 1948 quietus,
1630 1883 1732 1953 ubique

99 1981 209 2044 propter
232 1969 341 2025 assiduo
364 1965 515 2036 indigemus
545 1965 712 2020 monimetlto
729 1963 790 2035 [al.,
802 1963 889 2018 muni·
940 1968 1039 2025 circuis
1058 1975 1152 2022 toturn.
1169 1966 1228 2038 Nep
1241 1967 1315 2023 enim
1331 1969 1417 2023 scindi
1427 1978 1453 2025 ct
1470 1971 1551 2026 dividi
1565 1980 1654 2043 potes,
1668 1976 1731 2046 quia

100 2062 213 2135 inctttn],
228 2069 257 2116 ot
280 2056 463 2129 expergefacti
485 2056 518 2111 ad
544 2056 628 2111 Deum
652 2065 773 2110 nostrum
797 2069 890 2110 rernm
941 2075 1003 2115 vere
1018 2074 1087 2113 nitus
1101 2074 1146 2123 es;
1161 2074 1212 2113 nec
1232 2058 1258 2113 in
1281 2069 1372 2128 partes
1386 2060 1517 2124 efficeris,
1533 2065 1579 2118 sed
1605 2074 1679 2121 totus
1692 2075 1732 2121 ιο.

98 2165 126 2210 et
150 2167 285 2208 stunmam
305 2151 416 2212 bonum,
438 2162 500 2203 cunt
526 2144 682 2212 delinimus,
707 2160 887 2201 recurramus.
942 2159 997 2203 tum
1021 2157 1110 2214 tenes,
1134 2155 1218 2202 totum
1242 2150 1353 2220 imples,
1373 2157 1457 2204 totum
1479 2151 1597 2208 illustras
1622 2162 1651 2209 et
1670 2169 1732 2224 pos-

99 2248 202 2301 l·.lcirco
224 2258 276 2298 non
298 2239 516 2312 presumptionis
541 2236 704 2304 temeritate,
720 2235 766 2290 sed
793 2249 889 2306 nragrra
940 2241 1024 2296 stitus,

101 2339 147 2394 liei
174 2337 225 2393 mci
250 2334 393 2390 dilectione
418 2330 480 2385 boie
498 2327 627 2399 opusculo
649 2328 682 2382 ad
705 2326 809 2381 laudem
832 2326 890 2396 ejus
975 2333 1003 2387 Si
1024 2340 1108 2387 totum
1125 2332 1254 2387 mnndum
1269 2331 1302 2364 ἰ’
1316 2332 1376 2388 libri
1398 2331 1591 2402 replerentur
1615 2333 1730 2389 scienti,

98 2443 207 2500 operam
222 2426 293 2493 dedi,
308 2433 336 2477 ut
353 2439 385 2478 ex
405 2420 615 2492 elegantioribus
636 2418 716 2474 dictis
733 2429 889 2474 stricturum
940 2425 1132 2480 inenarrabilis
1145 2440 1197 2480 non
1214 2434 1302 2496 potest
1317 2426 1448 2479 enarrari.
1462 2425 1593 2492 Qttoniam
1611 2441 1677 2482 vero
1691 2429 1732 2482 in·

100 2519 209 2588 l‘atrurn
224 2518 307 2571 breue
321 2526 348 2569 et
368 2512 492 2567 manuale
512 2509 624 2565 terbum
636 2509 669 2563 de
683 2509 737 2563 lieo
752 2524 812 2563 ntro
834 2524 890 2565 me·
940 2516 1055 2571 dicibilis
1069 2532 1108 2583 es,
1118 2515 1190 2570 nulio
1204 2517 1284 2571 uredo
1299 2517 1379 2570 scribi
1395 2519 1514 2588 poteris,
1526 2534 1578 2572 nee
1592 2518 1729 2574 cotrclndi.

100 2625 161 2663 cnm
187 2620 294 2674 semper
312 2605 441 2658 haberem
455 2618 462 2666 ;
478 2616 510 2656 ει
532 2601 611 2670 Cuius
630 2598 754 2654 Ιθθίῑθῐιῑδ
766 2597 831 2670 [ab.
847 2599 889 2653 di·
940 2604 980 2659 Tu
996 2620 1025 2660 cs
1049 2605 1109 2659 lons
1133 2606 1200 2660 lucis
1215 2605 1322 2671 «lirina,
1341 2614 1368 2659 et
1392 2606 1430 2659 sol
1457 2605 1589 2660 claritatis
1610 2615 1729 2663 aeternae.

99 2694 233 2769 lectionis]
254 2696 331 2765 igne,
361 2693 467 2762 quoties
488 2699 612 2762 tepesco,
632 2690 659 2744 in
680 2689 737 2759 ejus
756 2689 889 2745 accendar
939 2695 1051 2767 blagnns
1071 2713 1101 2754 es
1125 2699 1184 2752 sine
1207 2697 1357 2767 qrnntitate
1372 2696 1419 2761 ⁷⁸⁸,
1441 2706 1467 2752 et
1489 2698 1548 2753 idco
1570 2698 1728 2754 immensus.

99 2786 228 2843 amorem.
939 2787 1029 2845 Bonus
1044 2787 1104 2843 siue
1114 2787 1260 2857 qualitate,
1273 2796 1300 2841 et
1315 2787 1374 2840 ideo
1388 2801 1450 2841 rere
1465 2795 1491 2841 ct
1505 2802 1612 2844 suntme
1626 2788 1727 2854 bunus3

138 2881 157 2936 l.
170 2878 247 2934 Nunc
261 2877 355 2935 adesto
367 2877 403 2908 '⁸⁸
417 2875 493 2943 mibi,
507 2875 576 2930 Deus
591 2889 675 2939 meus,
690 2890 770 2945 quem
785 2890 886 2947 quaro,
939 2887 966 2934 ct
980 2878 1158 2933 nemobonus
1171 2877 1221 2931 nisi
1236 2886 1262 2930 tu
1274 2876 1357 2932 solus.
1369 2876 1451 2947 Cujus
1461 2876 1585 2933 toleratas
1596 2894 1665 2949 opas
1675 2890 1728 2946 est,

98 2954 191 3043 quem'
204 2969 295 3040 diligo,
314 2982 393 3037 quem
412 2966 494 3022 corde
513 2973 540 3021 et
559 2979 606 3021 ore
626 2966 768 3034 confiteor,
782 2975 810 3021 et
834 2981 886 3036 qua
901 2997 923 3061 c
938 2967 1015 3037 cujns
1026 2967 1094 3025 selle
1109 2982 1187 3038 posse
1202 2977 1254 3024 est.
1267 2968 1317 3035 Qut
1333 2970 1424 3023 omitia
1439 2985 1499 3039 qnae
1511 2985 1543 3023 ex
1559 2971 1729 3028 nibiloerea·

98 3062 174 3119 valeo
197 3060 296 3116 virtute
316 3058 396 3114 laudo
415 3066 496 3128 atque
511 3051 605 3112 adoro.
623 3055 699 3111 biens
717 3071 775 3113 mea
790 3056 888 3113 derota
941 3063 987 3130 sti,
1013 3061 1068 3117 sola
1089 3061 1229 3116 rulumate
1251 3060 1349 3115 iecisti.
1368 3059 1418 3128 Qui
1441 3077 1547 3117 ornarem
1572 3075 1727 3120 creaturam

99 3155 157 3219 tibi,
179 3153 216 3208 tui
233 3166 325 3207 amore
340 3163 484 3216 succensa,
502 3147 550 3202 tibi
565 3146 683 3217 spirans,
700 3146 748 3202 tibi
769 3145 887 3212 inhians,
941 3161 1015 3206 tuam
1028 3150 1129 3219 absque
1144 3150 1291 3220 indigentia
1315 3149 1403 3218 aliqua
1420 3151 1549 3219 possides,
1565 3159 1592 3205 et
1613 3154 1673 3209 sine
1689 3152 1726 3208 la·

98 3256 124 3301 te
138 3245 224 3300 solnnr
240 3244 332 3299 ridere
346 3242 502 3296 desiderans
513 3239 580 3294 nibil
592 3239 673 3294 babet
689 3238 766 3295 dulce
788 3240 839 3295 uisi
856 3241 890 3296 de
939 3237 1006 3298 bore
1021 3245 1166 3312 gubernas,
1184 3249 1212 3295 et
1232 3241 1335 3309 ubsque
1358 3240 1436 3295 taedio
1458 3241 1538 3311 regis,
1554 3251 1581 3295 et
1605 3242 1673 3297 nibil
1688 3253 1727 3298 cst

99 3345 125 3391 te
137 3333 220 3404 loqui,
236 3332 268 3387 de
285 3341 311 3386 te
323 3330 427 3394 andire,
439 3329 473 3384 de
489 3338 513 3383 te
524 3329 655 3395 scribere,
668 3328 701 3383 de
717 3337 743 3384 te
754 3329 888 3398 conterre,
939 3335 1011 3406 quod
1026 3333 1166 3389 conturbet
1183 3331 1304 3387 ordinem
1318 3332 1423 3402 imperii
1437 3332 1485 3399 tui,
1498 3333 1538 3387 rel
1558 3333 1585 3387 in
1603 3338 1725 3403 suntm's,

99 3434 173 3479 tuam
202 3422 315 3493 gloriam
335 3420 492 3488 lrequcnter
513 3418 663 3474 subcorde
687 3418 837 3486 resolvere,
859 3428 889 3474 ιιι
940 3425 1102 3482 reliuimis.
1116 3422 1166 3491 Qui
1186 3424 1211 3477 in
1232 3423 1356 3479 omnibus
1374 3423 1440 3478 locis
1461 3423 1519 3478 sine
1533 3423 1593 3478 loco
1607 3425 1725 3492 haberis,

99 3516 137 3572 tui
154 3513 244 3569 suasis
271 3510 401 3567 memoria
427 3511 462 3564 sit
484 3511 556 3564 inter
578 3510 629 3565 bos
651 3511 771 3566 turbines
798 3511 888 3581 aliqua
939 3525 966 3571 et
984 3515 1073 3571 omnia
1098 3513 1222 3570 contines
1239 3514 1298 3568 sine
1314 3514 1426 3581 arrrbitu,
1441 3523 1468 3569 et
1493 3516 1592 3586 ubique
1608 3532 1724 3587 praesens

96 3604 250 3676 repausatio
265 3618 333 3659 mea.
351 3601 388 3656 Te
400 3617 465 3673 ergo
479 3603 586 3671 invoco,
599 3603 839 3671 desideratissime,
855 3604 889 3660 ad
938 3623 968 3662 es
979 3606 1038 3662 sine
1052 3609 1104 3662 situ
1118 3618 1145 3664 et
1157 3616 1241 3663 nictu.
1265 3605 1314 3672 Qui
1336 3617 1385 3659 nce
1408 3605 1469 3660 mali
1484 3615 1578 3661 auctor
1594 3622 1634 3674 es,
1655 3608 1723 3679 qnod

98 3706 124 3752 te
141 3696 228 3751 clamo
242 3695 361 3750 clamore
373 3708 468 3762 magno
480 3693 505 3747 in
521 3701 576 3749 toto
592 3694 674 3750 eorde
693 3694 810 3750 meabit
825 3711 886 3750 cunr
938 3700 1029 3756 lacere
1040 3720 1093 3759 nun
1113 3710 1200 3776 potes.
1215 3697 1265 3764 Qui
1279 3692 1345 3748 nibil
1366 3708 1418 3749 non
1442 3705 1530 3766 potes,
1546 3711 1722 3766 necunquam

98 3798 125 3845 te
138 3789 244 3853 invoco,
258 3787 349 3857 utique
363 3785 388 3840 in
402 3787 504 3855 meipso
517 3787 763 3856 inroeo;qnoniam
776 3788 887 3844 ommno
938 3787 1095 3864 quidquam
1106 3803 1132 3849 te
1149 3791 1246 3847 iecisse
1266 3788 1401 3860 penituit.
1418 3786 1500 3856 Cujus
1519 3786 1641 3842 bonitate
1663 3787 1722 3842 lacti

99 3896 155 3937 nou
171 3892 270 3944 essem,
283 3879 332 3934 nisi
346 3886 373 3931 tu
390 3892 465 3933 esses
485 3878 510 3932 in
532 3893 594 3944 me;
609 3888 636 3933 et
653 3879 704 3934 nisi
725 3893 775 3949 ego
799 3893 887 3936 essem
938 3900 1041 3951 snmus,
1054 3892 1083 3940 et
1098 3883 1204 3955 justitia
1216 3894 1311 3952 poenas
1330 3878 1437 3944 luimus,
1455 3887 1482 3932 ct
1501 3876 1645 3931 elementia
1661 3875 1723 3931 libe-

97 3974 125 4027 in
141 3981 178 4040 te,
191 3986 243 4025 nott
254 3984 329 4025 esses
343 3969 370 4024 in
382 3984 434 4024 me.
447 3968 475 4024 in
486 3984 529 4025 me
543 3985 583 4036 es,
598 3971 728 4040 quoniam
742 3971 768 4024 in
785 3985 887 4026 memo·
937 3988 1041 4031 rantur.
1057 3973 1140 4042 Ctrjus
1161 3970 1355 4041 otnnipotentia
1378 3969 1468 4024 omnia
1494 3968 1642 4038 grabemur,
1659 3968 1724 4038 regn

98 4061 139 4115 ria
150 4075 210 4114 mea
226 4073 337 4125 manes;
359 4073 393 4112 er
408 4073 441 4113 ea
460 4059 571 4130 cognovi
589 4069 626 4125 te,
641 4067 668 4114 et
685 4058 757 4114 inea
778 4059 886 4117 inuenio
937 4074 965 4121 et
977 4064 1070 4135 implet
1089 4079 1148 4135 quae
1169 4063 1280 4119 crearit.
1297 4060 1352 4116 Nee
1366 4060 1426 4115 idco
1444 4068 1470 4114 te
1499 4058 1612 4129 implere
1635 4061 1723 4136 omnia

100 4163 134 4218 te,
151 4165 212 4207 enm
236 4150 397 4205 rentiniscor
420 4149 467 4214 tni,
482 4159 510 4204 et
531 4150 651 4205 delector
670 4152 696 4205 in
710 4160 735 4207 te
752 4151 784 4208 de
796 4161 832 4221 te,
851 4169 885 4209 ex
936 4155 1063 4219 dicimus,
1077 4162 1105 4208 ιι
1122 4163 1148 4208 te
1165 4153 1342 4217 contineant;
1359 4152 1405 4207 sed
1421 4153 1478 4221 ipsa
1494 4152 1583 4220 potius
1596 4164 1611 4204 a
1626 4159 1652 4205 te
1663 4165 1725 4205 con·

97 4263 151 4318 quo
166 4247 267 4312 omnia,
279 4261 327 4317 per
341 4261 421 4317 quem
442 4246 545 4313 omnia,
561 4254 589 4301 et
601 4246 628 4301 in
642 4262 696 4318 quo
712 4248 812 4303 omnia.
937 4247 1082 4303 tineamur.
1098 4244 1153 4300 Nec
1168 4244 1349 4316 particulatim
1367 4243 1460 4311 imples
1479 4242 1580 4306 otnnia,
1597 4256 1647 4296 nec
1660 4241 1725 4294 ulla·

133 4340 183 4406 Tu,
200 4338 328 4404 bomine,
346 4338 443 4394 eoelum
455 4336 491 4371 ἰ*
502 4347 530 4393 et
545 4346 645 4392 terram
669 4338 774 4410 imples,
792 4341 883 4396 omnia
901 4332 924 4386 D
939 4348 1015 4396 tetrus
1037 4339 1073 4393 ita
1090 4338 1235 4409 putandum
1253 4344 1303 4404 cst,
1321 4345 1349 4390 nt
1361 4349 1529 4405 unaquaeque
1548 4348 1591 4387 res
1604 4348 1654 4401 pro
1670 4348 1725 4387 ma·

97 4441 209 4500 portans
226 4432 285 4487 sine
297 4445 391 4496 onere,
404 4430 494 4485 oninia
513 4429 627 4501 implens
642 4430 701 4486 sine
724 4430 882 4488 inclusione.
938 4432 1077 4505 gnitudine
1103 4447 1158 4486 snae
1180 4430 1312 4500 portionis
1336 4429 1426 4499 capiat
1445 4436 1478 4489 te,
1496 4427 1579 4480 idest
1607 4426 1724 4479 maxima

98 4521 212 4591 Semper
234 4535 333 4590 agens,
359 4535 465 4590 semper
487 4520 604 4590 quietus.
627 4519 764 4592 Colligeus
781 4530 808 4577 et
829 4536 884 4577 non
938 4525 1035 4596 ninius,
1047 4522 1155 4578 minima
1172 4522 1337 4584 admissum
1351 4519 1430 4575 sis⁷⁸⁹
1442 4518 1529 4586 potins
1543 4518 1600 4587 ipse
1612 4524 1684 4572 totus
1698 4518 1723 4570 in

97 4627 189 4683 egens.
208 4611 340 4679 Qtraerens
362 4626 423 4666 cnm
444 4611 515 4666 nibil
534 4611 606 4667 desit
620 4612 679 4672 tibi.
694 4613 811 4678 Amans,
834 4629 884 4670 nec
937 4617 1073 4681 omnibus,
1088 4622 1115 4668 et
1135 4613 1224 4668 trnruia
1242 4612 1268 4666 in
1282 4622 1316 4665 te.
1331 4609 1413 4678 Cujm
1428 4607 1621 4678 otnnipotentia
1634 4607 1723 4661 omnia

97 4713 215 4759 estuans
227 4704 283 4770 ⁷⁸⁸3
303 4703 405 4770 zelans,
425 4713 452 4758 ct
474 4717 586 4759 securus
606 4718 644 4760 es.
664 4703 781 4760 l’oenitet
805 4713 842 4770 te.
857 4715 885 4762 et
938 4707 1084 4773 concludit,
1096 4722 1145 4762 nec
1157 4704 1287 4761 eradcmli
1299 4703 1444 4772 potentiam
1460 4708 1532 4753 tuam
1547 4700 1609 4768 quis
1622 4697 1723 4751 aditum

97 4810 152 4851 non
171 4795 255 4851 doles.
272 4795 411 4863 irasceris,
428 4794 589 4866 tranquillus
610 4811 650 4851 es.
672 4795 759 4867 Opera
783 4807 883 4867 inritas,
939 4801 1059 4856 invenire
1075 4799 1183 4870 poterit.
1200 4796 1250 4865 Qui
1268 4795 1340 4849 enim
1359 4802 1384 4850 te
1404 4807 1457 4848 non
1477 4791 1559 4847 babet
1578 4790 1721 4860 placatum,

96 4886 144 4943 sed
166 4901 219 4942 non
235 4896 323 4942 mutas
337 4887 488 4943 consilium.
513 4886 622 4956 Recipis
641 4887 713 4957 qaod
726 4888 842 4957 iuuenis,
858 4899 885 4947 et
939 4903 1109 4959 nequaqnam
1125 4886 1220 4943 evadet
1234 4885 1344 4939 iratum.

727 5043 843 5102 VdeAE
864 5043 1068 5107 brettones.

130 5140 166 5174 ”¹
180 5139 283 5196 cottam
298 5149 334 5194 est
347 5155 404 5193 cunr
419 5137 492 5193 litu.
509 5136 582 5192 som.
600 5145 624 5190 er
639 5145 702 5189 tem.
717 5135 750 5191 lx
767 5139 834 5209 top.
853 5142 1104 5198 santabarenum
1127 5133 1155 5186 iu
1174 5134 1269 5186 rostris
1290 5130 1445 5186 mentienti
1468 5129 1587 5186 anselmi
1600 5127 1723 5186 Liberae

97 5210 183 5268 salute
195 5211 303 5274 animae,
316 5211 362 5279 qui
381 5218 409 5263 et
426 5206 618 5276 Encbyridiuu‚
634 5207 692 5260 sire
706 5210 830 5264 marruale
849 5212 900 5265 dici
916 5219 1003 5282 potest
1028 5207 1095 5260 alias
1117 5203 1282 5256 inscribitur.
1298 5201 1415 5256 Libellus
1441 5200 1475 5254 de
1498 5199 1723 5274 contemplatique

96 5281 197 5337 Cbrieti
210 5296 217 5345 ;
232 5281 289 5334 siue
304 5280 336 5335 de
349 5281 433 5334 uerbo
445 5277 503 5342 bei,
516 5291 569 5345 qno
580 5276 667 5344 sepita
681 5277 798 5332 ctelestis
816 5280 941 5336 desiderii
969 5276 1098 5333 memoria
1122 5284 1276 5327 rermretur.
1295 5272 1369 5327 Sour.
1395 5269 1518 5324 Manuale
1534 5271 1564 5324 b.
1581 5267 1722 5339 Arignsnni

98 5365 147 5405 seu
167 5349 272 5405 libellus
290 5350 323 5403 de
337 5347 564 5417 contemplatione
583 5355 631 5400 etc.
647 5356 674 5399 ut
687 5347 714 5399 in
728 5344 801 5401 Edit.
824 5348 955 5420 Rayutrldi
992 5344 1114 5400 ”⁸Nurrc
1143 5342 1236 5396 adesto
1266 5353 1314 5395 etc.
1332 5339 1451 5394 insum.
1479 5337 1726 5394 continuaturPro-

97 5420 172 5487 teger
217 5418 253 5452 ’δ”
268 5417 307 5472 Tu
331 5418 443 5472 Douriue
455 5415 552 5472 coelum
566 5424 615 5468 ete.
631 5412 664 5467 lu
682 5413 754 5470 Seru.
771 5417 812 5471 lu‘e
827 5421 916 5489 tricipit
932 5421 1015 5490 Caput
1041 5417 1068 5481 l,
1091 5415 1137 5468 snb
1151 5414 1199 5465 bor
1226 5411 1322 5465 titudo:
1338 5412 1375 5464 De
1399 5410 1515 5463 mirabili
1538 5411 1655 5464 essentia
1678 5406 1725 5462 bet

97 5487 437 5543 ”⁸Nectestttast'uSom.
458 5483 658 5541 necestimans
705 5485 740 5517 ⁷⁸⁸
763 5487 846 5556 Equis
871 5489 953 5544 babet
979 5489 1012 5542 lu
1033 5484 1152 5541 Sonulit
1175 5483 1332 5551 qttisbabet
1368 5480 1402 5512 '⁵'
1420 5481 1447 5534 St
1464 5488 1548 5533 lotum
1568 5479 1677 5534 tnodttm
1691 5475 1726 5531 1tt

99 5556 229 5612 Sumite
251 5559 339 5626 incipit
354 5555 437 5626 Capru
451 5557 480 5621 Ξ,
494 5555 541 5611 rub
556 5569 585 5608 eo
600 5555 699 5609 tituto:
723 5555 760 5610 be
773 5558 903 5617 indicibili
915 5559 1027 5618 selentia
1047 5555 1093 5610 bei
1141 5552 1176 5584 ⁷⁸⁸
1191 5553 1256 5607 Sine
1276 5550 1406 5621 qualitate
1421 5551 1447 5604 iu
1463 5549 1537 5605 Sem.
1562 5549 1623 5606 siue
1640 5562 1724 5621 quan·

100 5628 178 5683 titate
212 5626 248 5658 '⁸’
261 5624 330 5680 liam
346 5628 383 5682 sis
403 5629 429 5682 iu
449 5625 521 5682 Sam.
538 5624 601 5680 dnm
612 5622 652 5679 sic
