3690 6008
167 291 233 344 lunt

433 283 462 337 S.
483 277 634 336 attentati
653 273 827 330 exaltati.
844 271 1002 326 attollite.
1024 269 1098 325 tibl‘.
1121 269 1209 325 PARS
1227 270 1270 324 lll.
1286 267 1518 325 -Eutstotd‘,

1767 268 1824 322 'ult

165 410 234 459 rium
251 407 277 458 in
294 412 384 457 utente
399 407 486 452 vestra
500 393 586 464 gratia
616 387 735 443 coelcstis
756 386 890 439 intantum
914 399 960 439 ae·
974 389 998 445 Α
1012 394 1039 437 et
1056 383 1191 453 copiosius
1205 382 1331 452 capiatis,
1343 392 1460 437 vestram
1482 381 1643 436 desiderem
1673 395 1821 436 couversa-

164 496 302 559 cenderet,
317 504 346 548 ut
362 503 476 547 tmreuoe
489 482 614 539 salsitatis
626 476 874 548 concupiscentiam
883 475 959 545 peni-

166 600 209 644 tus
223 589 412 651 combureret,
424 579 488 636 nulli
505 572 715 637 conversationi,
733 569 784 625 nisi
806 577 852 622 aut
876 566 962 623 (Iado-

166 682 267 736 tueusis
278 689 323 733 ιιιι
338 674 482 733 beccensis
497 666 664 731 monasterii,
679 680 708 720 sc
733 670 824 716 vestra
854 660 962 714 dilectio

164 772 357 826 committeret.
373 767 425 823 Sed
440 763 567 835 quoniam
589 758 645 827 jam
671 755 704 810 de
727 753 847 809 Cadonto
872 750 961 806 ablata

165 873 206 918 est
229 877 309 917 causa
338 878 399 932 quaa
419 873 468 912 vos
492 855 555 910 illue
576 849 693 904 maxime
713 843 878 909 advocabat,
905 842 962 913 jam

1015 477 1127 539 tionem,
1155 490 1187 529 eo
1198 484 1289 529 tamen
1304 474 1443 528 ardentius
1458 473 1529 528 illarn
1544 481 1695 542 exspecto,
1712 488 1769 542 quo
1780 490 1822 544 pet

1013 566 1098 630 illam,
1111 565 1132 619 si
1153 564 1285 626 creuerit,
1301 572 1420 619 uestram
1438 578 1542 617 tnectun
1559 576 1646 633 spero
1673 578 1818 617 contet-st·

1014 659 1123 713 tionem.
1136 657 1267 712 Domuum
1281 656 1448 720 llaoritium,
1468 664 1592 708 nostrum
1609 654 1725 709 meritis
1740 655 1819 710 dorni·

1014 747 1816 815 nutu,cottrersatiouelratt·ern,ettrailliontcbarissinnm,

1014 842 1144 912 quemad
1162 842 1301 895 reverendi
1327 840 1431 895 dotuinl
1454 850 1480 894 ct
1493 839 1585 893 Patris
1609 841 1703 893 nostri
1731 844 1814 895 :trebi-

1012 934 1132 1003 episeopi
1150 931 1300 1001 jttssiouem
1329 932 1356 985 iu
1376 931 1500 1000 angliam
1518 931 1667 994 utittintus,
1691 941 1815 1000 quamdiu

168 952 241 1009 nuuc
255 952 341 1008 solutu
356 951 396 1023 (9)
411 949 528 1004 Beccuttt
542 942 643 998 certius
654 954 702 994 ros
726 944 878 1008 exspectat,
889 935 962 1006 quod

167 1046 241 1115 prius
254 1059 303 1113 pro
313 1042 433 1098 Cadotuo
445 1035 600 1110 dubitabat.
614 1029 796 1098 Quamobrem
818 1044 878 1083 eunt
905 1042 963 1080 nta-
1013 1025 1083 1094 apud
1097 1039 1144 1079 vos
1160 1035 1251 1078 nostra
1268 1030 1357 1093 potest
1369 1021 1499 1087 anticulo,
1528 1032 1556 1075 et
1570 1020 1632 1089 ejus
1645 1023 1733 1094 exigit
1750 1026 1814 1078 itdir·

168 1133 240 1187 xituc
255 1142 364 1203 propter
378 1146 434 1192 vos,
449 1136 478 1181 ιιι
494 1138 543 1194 pro
556 1119 671 1176 ternotus
683 1116 817 1182 coelestia,
828 1131 877 1186 pro
902 1130 965 1184 per·
1015 1115 1108 1181 ntitas,
1120 1123 1148 1170 ct
1172 1125 1260 1169 vestra
1276 1113 1385 1179 sufficit,
1406 1121 1538 1183 operante
1561 1111 1629 1179 lieo,
1661 1117 1813 1181 ntcdieina,

169 1225 436 1292 iturisacterna,pro
464 1215 690 1280 falsisvera,pro
715 1209 814 1265 tnisera
843 1206 965 1263 mortali·
1013 1204 1539 1273 vestrismanibuseurauduntpropter
1563 1202 1652 1257 Deum
1676 1208 1815 1260 contuntu-

168 1322 224 1370 tate
238 1315 343 1370 beatam
357 1304 639 1380 incorruptibilitatem
663 1300 765 1357 certius
789 1298 963 1368 exspectetis,
1015 1312 1085 1350 mus.
1107 1295 1247 1362 Quatenus
1262 1303 1289 1349 ct
1307 1293 1344 1348 illi
1359 1292 1517 1365 temporalis
1534 1294 1612 1352 salos
1639 1296 1676 1329 ¹¹¹
1700 1315 1750 1369 per
1774 1316 1813 1352 xe·

825 1390 942 1446 ValllAE
960 1385 1163 1446 stellantis

208 1499 242 1532 ἰ’
259 1497 454 1570 Tetopotaliter
468 1492 543 1551 salta
554 1506 604 1546 ors.
619 1483 776 1558 temporalis
789 1480 860 1539 salus

758 1593 902 1654 toaddts
912 1591 1048 1650 rtutnut
1062 1589 1178 1647 NOTAE.

206 1704 246 1777 (9)
265 1699 482 1756 Bercutncertitrs
495 1714 539 1753 eos
552 1702 683 1765 exspectat
706 1708 715 1746 .·
735 1688 960 1759 Quandoquidem
1018 1684 1178 1739 utrumlibet
1201 1683 1316 1754 positus.
1331 1684 1375 1739 cni
1391 1681 1496 1738 servite
1519 1697 1644 1751 superno
1663 1700 1697 1739 an
1715 1696 1814 1743 terrem

169 1774 333 1833 ereberrime
349 1769 467 1824 occurrit
482 1775 660 1832 occari-etque
676 1760 702 1815 id
715 1759 834 1814 nominis
849 1767 877 1812 et
895 1756 961 1822 loci,
1012 1756 1123 1809 domitto
1139 1754 1223 1808 malit.
1239 1754 1371 1809 abdicata
1385 1754 1467 1824 igitur
1477 1753 1591 1807 omniuo
1607 1753 1749 1822 legatione
1763 1762 1814 1814 ‹ta-

169 1847 243 1918 juvat
257 1854 404 1910 exponere,
422 1838 521 1892 eteuitn
546 1832 703 1904 exposuisse
718 1829 836 1899 juvabit,
857 1828 905 1882 sed
929 1828 962 1881 de
1017 1825 1091 1881 cedit
1108 1840 1123 1879 a
1138 1826 1225 1879 euris.
1251 1823 1327 1890 Quod
1343 1832 1372 1878 nt
1387 1824 1513 1893 coguovit
1540 1837 1648 1883 coines,
1660 1825 1744 1890 jussit
1760 1845 1812 1883 unq

169 1917 228 1986 ejus
238 1911 387 1973 conditore,
404 1907 532 1962 llerluino
547 1906 605 1959 viro
615 1900 763 1971 splendidis
776 1900 906 1954 virtutum
919 1913 964 1952 or·
1013 1896 1100 1964 abripi
1114 1896 1241 1950 trau-ersa
1251 1895 1311 1965 cios
1321 1896 1402 1958 botta,
1415 1908 1604 1973 pauperesque
1615 1896 1678 1965 ejus
1689 1897 1812 1965 clientem

169 1980 443 2041 natueutisdcoorato
465 1987 493 2032 et
512 1976 578 2031 ordo
591 1983 620 2029 et
634 1973 715 2036 ratio,
731 1969 894 2038 lectorisque
908 1983 961 2020 uon
1012 1980 1128 2035 quorum
1160 1965 1269 2018 uotniuo
1293 1964 1326 2018 ad
1352 1966 1478 2019 comitem
1507 1966 1608 2027 reditt,
1643 1970 1813 2023 rnuoxintoto

171 2055 307 2110 mediocre
318 2050 487 2105 contutodum
500 2044 627 2102 nonnulla
640 2040 762 2112 proloqui
772 2040 897 2101 suadent,
907 2038 961 2091 imo
1013 2050 1121 2089 causant
1133 2044 1256 2088 acttutts.
1270 2034 1342 2089 luter
1351 2050 1411 2103 qum
1423 2034 1492 2087 dixit
1505 2051 1511 2085 :
1526 2033 1593 2100 Qua·
1605 2050 1669 2088 ntea
1685 2042 1813 2092 stttuoui·

170 2122 344 2194 compellunt,
362 2119 437 2188 quia,
457 2129 486 2172 ut
507 2117 593 2184 inquit
612 2110 750 2168 Gilbertus
770 2108 912 2178 Crispinus
934 2108 959 2160 in
978 2089 1090 2160 Bversa
1108 2105 1306 2168 distrabantur,
1327 2106 1405 2159 ntodo
1423 2105 1602 2173 pauperibus.
1627 2106 1676 2175 qui
1700 2119 1812 2163 restraut

169 2192 300 2266 prooetuio
312 2189 379 2244 litae
392 2187 462 2254 cius,
482 2187 610 2241 ntuodunt
624 2182 675 2237 sibi
689 2188 716 2237 et
735 2180 769 2235 ad
783 2190 874 2234 votum
889 2178 959 2231 arri·
1012 2176 1085 2229 nullo
1096 2175 1211 2229 erimine
1226 2175 1292 2228 iram
1306 2185 1473 2238 mernerunt,
1487 2190 1536 2228 sna
1552 2175 1749 2230 restitttautur.
1763 2180 1812 2232 llo-

168 2267 278 2321 dentem
290 2275 321 2315 ea
336 2260 444 2329 penitus
457 2265 537 2312 aetate
548 2254 691 2314 recusavit,
703 2266 756 2320 qua
772 2248 961 2305 vebetuentius
1013 2253 1056 2298 tus
1071 2245 1105 2299 ad
1126 2247 1254 2314 pietatem
1279 2245 1452 2309 Gillebcrtus,
1468 2260 1550 2314 quern
1567 2247 1716 2301 mundatae
1731 2248 1812 2306 lasttts

168 2336 215 2390 alii
231 2348 260 2388 se
282 2333 406 2401 ingerunt
424 2327 555 2393 recusari,
575 2334 601 2379 ct
616 2324 642 2376 iu
660 2321 759 2393 patria,
773 2320 800 2374 iu
822 2334 874 2388 qua
898 2327 962 2372 tnnc
1012 2315 1180 2370 celsitudinis
1194 2313 1340 2384 plut-intutu
1356 2316 1508 2380 obtinebat,
1525 2316 1648 2370 adducto
1663 2318 1691 2370 ιιι
1712 2332 1812 2385 partein

171 2403 333 2459 ineoluuteut
347 2398 430 2452 aratis
452 2396 563 2450 tuiliteut
585 2392 748 2449 tnouacltum
765 2389 834 2453 lieri,
849 2396 961 2470 purten·
1012 2383 1141 2439 llerluino
1164 2385 1324 2454 perquisivit
1344 2384 1427 2439 animi
1453 2393 1559 2439 tautarn
1584 2390 1812 2444 communicatio·

169 2484 226 2528 tunt
252 2469 411 2526 ltabebatur.
433 2467 486 2520 Sed
503 2467 588 2535 ipsius
599 2461 715 2518 Gilberti
738 2460 828 2514 verbis
849 2459 961 2513 tueboa·
1013 2470 1085 2522 ttettt,
1098 2465 1124 2508 et
1148 2454 1229 2508 linem
1244 2455 1360 2509 consilii.
1376 2455 1425 2509 Cui
1439 2456 1534 2523 paneis
1550 2456 1655 2521 verbis,
1671 2458 1765 2512 uiuitis
1778 2459 1813 2512 la·

171 2552 226 2597 tatu
253 2541 354 2610 captim
377 2550 574 2608 prosequamur
593 2532 800 2602 expositionem.
822 2529 844 2586 ιι
868 2530 960 2593 llanis,
1012 2527 1112 2596 eryutis
1132 2526 1270 2595 respoudit
1287 2543 1293 2579 :
1312 2545 1321 2576 ι
1345 2524 1481 2580 Saeculum
1494 2528 1614 2580 avtutttdo
1625 2537 1654 2581 et
1672 2527 1721 2582 tibi
1737 2530 1812 2586 abso

169 2613 215 2682 qui
230 2606 454 2665 Nortluuattniatu
466 2605 544 2674 primi
554 2604 740 2661 obtinuerunt,
752 2609 827 2668 pater
838 2596 896 2665 ejus
907 2599 961 2654 ori·
1011 2596 1118 2663 quenda
1135 2595 1245 2648 uituiotn
1261 2594 1345 2650 lieutu
1355 2611 1387 2649 ae
1399 2596 1534 2664 tneipsnut
1548 2595 1684 2651 hacteuus
1696 2600 1812 2670 neglexi.

171 2683 260 2752 gittem
277 2678 363 2733 duxit.
378 2675 463 2730 llater
477 2676 629 2744 proximam
640 2673 738 2727 dueum
753 2669 888 2724 l'landriat
898 2684 962 2722 eon·
1011 2671 1076 2731 Quae
1088 2667 1212 2734 eorporis
1224 2673 1305 2719 eraut
1323 2665 1406 2720 cultui
1429 2667 1541 2719 otttuiuo
1561 2667 1693 2730 intentus,
1713 2672 1812 2725 nullan

171 2749 380 2816 sanguinitatem
405 2743 521 2815 attingit.
546 2743 683 2810 llttsgatus
709 2740 763 2805 ille,
784 2740 835 2794 ista
860 2737 961 2810 lleloye
1011 2736 1187 2790 attittncuteae
1201 2736 1380 2790 eruditionem
1398 2735 1501 2804 aet-epi.
1515 2736 1690 2806 Quapropter
1705 2754 1810 2807 precor,

170 2835 269 2876 liuttteu
286 2815 409 2871 babebat·
1010 2806 1114 2876 siquid
1136 2819 1254 2874 unquam
1271 2806 1340 2860 bene
1362 2807 1448 2860 tucrui
1464 2822 1479 2860 a
1502 2815 1538 2868 te,
1561 2806 1644 2863 liceat
1664 2809 1731 2865 vitae
1744 2815 1810 2880 qood

205 2887 370 2946 Gillebertus
381 2882 537 2939 brionensis
547 2896 639 2938 cernes
652 2879 731 2952 pritni
744 2877 850 2933 llicardi
864 2877 961 2933 Nortb·
1011 2883 1136 2946 superest
1146 2877 1172 2929 iu
1186 2877 1353 2932 monasterio
1364 2876 1486 2946 transigi,
1500 2877 1658 2932 salvocirca
1668 2894 1714 2934 ute
1725 2897 1812 2935 autore

171 2958 288 3016 ursaniae
311 2953 388 3011 ducis
411 2967 502 3022 nepos,
529 2967 562 3007 ex
587 2951 642 3006 lilio
675 2949 785 3005 consule
813 2947 961 3004 Godelrido
1011 2956 1068 3008 nto,
1081 2955 1110 3001 et
1122 2946 1155 3000 da
1169 2961 1274 3000 vtteeunt
1288 2944 1412 3016 lieoqure
1426 2947 1516 3000 banni.
1531 2966 1540 2998 t
1554 2947 1642 3003 Corde
1653 2949 1680 3001 iu
1690 2948 1812 3022 lacrpntfis

170 3029 245 3085 lilont
262 3025 410 3084 erratritont
429 3037 512 3094 penes
536 3038 565 3078 se
586 3022 658 3077 iuter
678 3035 773 3075 outnes
802 3021 885 3074 curiae
904 3034 961 3075 sure
1010 3017 1148 3072 concitato
1159 3016 1397 3087 nequitsustinere
1407 3017 1519 3070 ulterius
1529 3017 1699 3085 loquentem,
1711 3020 1811 3076 client:-

171 3101 301 3168 primates
317 3095 410 3150 babuit
432 3093 630 3163 acceptissime.
647 3090 750 3146 llabilis
766 3091 809 3145 bic
826 3090 860 3145 ad
883 3105 959 3146 artua
1009 3102 1062 3158 que
1076 3087 1222 3157 expetitam
1236 3087 1276 3140 sui
1293 3088 1584 3156 suorumqueomniunt
1600 3085 1809 3158 lacttltateutlt.

168 3168 317 3239 pluritnotn
332 3175 400 3226 erat,
416 3179 466 3219 nee
491 3163 587 3219 tuiuori
603 3177 635 3216 ca
651 3161 822 3216 animositate
837 3161 962 3241 gestabat
1009 3156 1810 3230 odd.cuttcessit].Pt·otittusllerluiuuslluruevillaetllonnp

169 3240 271 3294 0nntes
291 3245 329 3290 tot
353 3236 378 3289 iu
393 3232 589 3288 Nortlunanuia
611 3231 718 3286 ιιιιιιιιιι
734 3232 760 3285 ιιι
775 3231 869 3285 electts
884 3231 959 3285 illurn
1010 3224 1100 3282 rillatu
1111 3229 1419 3297 dieuttt)exstrucudutn
1429 3227 1593 3282 lleisetvitio
1605 3243 1680 3297 opus
1691 3232 1809 3301 arripuit.

170 3308 306 3364 babebattt
324 3305 425 3368 aruris,
441 3304 568 3372 omnique
588 3304 625 3357 rei
640 3302 768 3355 militaris
782 3317 831 3355 usu
845 3310 871 3356 et
884 3302 959 3355 coitu
1010 3298 1068 3365 lpse
1078 3298 1315 3369 igiturnousolum
1326 3297 1637 3368 presidebatoperi,sed
1649 3299 1741 3368 ipsum
1753 3317 1811 3371 quo·

168 3378 291 3447 corporis
316 3375 356 3428 sui
378 3373 547 3428 attollebant.
568 3372 611 3426 Ab
646 3372 796 3426 inhonestis
818 3371 959 3427 avertebat
1009 3368 1690 3436 queelliciebatterratuiodietts,iossatnellerens,
1705 3373 1810 3442 lapides,

126 3461 134 3476 ·
170 3449 306 3509 ιιιιιιιιιιιις
329 3442 460 3506 bottestis,
473 3456 534 3511 quae
551 3440 668 3496 curiales
681 3441 887 3511 utagnilaeiunt,
908 3441 958 3494 itu-
973 3439 995 3501 C
1011 3439 1146 3504 sabulum,
1168 3440 1324 3507 calcentque
1346 3440 1468 3494 lrutneris
1488 3450 1665 3508 cotttportans
1686 3457 1721 3495 ae
1737 3457 1770 3496 ea
1785 3445 1807 3497 io

171 3517 306 3584 pendebat
319 3528 399 3568 outuc
420 3513 548 3567 studium.
577 3510 642 3565 llitte
663 3510 743 3579 hujus
762 3510 959 3580 jucundissimo

171 3592 243 3638 stant
259 3598 343 3637 anuos
355 3583 411 3652 jam
424 3581 467 3635 ille
481 3589 635 3636 excesserat
649 3581 757 3650 triginta
769 3591 883 3649 septem,
896 3597 957 3635 cutn

172 3653 282 3708 tandem
308 3652 400 3708 divino
417 3660 490 3705 tnetu
526 3649 653 3705 succendi
677 3664 769 3705 amore
791 3650 862 3704 itlius
884 3667 960 3706 utens

171 3725 254 3791 coepit
267 3732 295 3776 et
308 3723 342 3777 ab
352 3737 445 3778 autore
459 3720 551 3775 tuuudi
565 3729 714 3791 tepescere.
726 3721 768 3776 Ab
778 3722 960 3776 exterioribus

169 3794 276 3849 omnm
288 3793 378 3848 cordis
392 3802 555 3847 cottvertens
566 3791 600 3845 ad
615 3790 747 3861 seipsum,
764 3792 820 3846 ibat
834 3791 961 3862 frequen·

170 3866 223 3918 tius
238 3864 271 3916 ad
292 3861 446 3927 ecclesiam,
470 3860 564 3918 orabat
580 3861 734 3923 doroteae
749 3877 820 3931 saepe
835 3878 960 3932 prorutu-

169 3935 251 4006 pebat
268 3933 294 3989 ιιι
315 3933 457 4015 lacrytuas,
469 3946 539 4001 saepe
554 3939 639 3984 toturn
659 3929 769 3999 jejuniis
784 3933 961 4002 transigebat

169 4005 252 4059 ttieut.
270 4004 297 4058 ln
309 4019 404 4067 arnus,
418 4004 444 4057 iu
458 4003 532 4056 cultu
548 4000 671 4122 corporis
684 4018 737 4056 uott
755 4002 825 4056 idem
840 4004 960 4057 studium

170 4075 241 4143 quod
264 4075 338 4145 prius
350 4075 415 4128 satis
429 4073 565 4128 iudicabat
578 4089 593 4125 a
606 4073 767 4126 teratiouetu
778 4073 859 4128 attimi
877 4073 958 4138 illins,

168 4159 250 4212 quant
265 4145 351 4199 adbuc
366 4144 436 4199 seria
454 4141 670 4198 dissimulatione
681 4141 796 4197 celabat.
813 4141 915 4199 litturae
928 4159 960 4200 ac

168 4223 274 4269 creterae
290 4214 326 4269 rel
339 4212 476 4268 scrutaris
486 4227 592 4265 suntma
605 4219 663 4265 erat
675 4212 745 4278 voti;
760 4227 853 4268 verum
865 4227 918 4282 quo
930 4229 960 4270 se

169 4283 317 4348 reauferret,
327 4283 399 4353 quod
414 4284 519 4338 vivendi
533 4296 617 4352 genus
632 4293 792 4347 assumeret,
804 4283 958 4352 ignorabat.

168 4351 256 4408 Rarus
270 4355 296 4410 iu
312 4354 507 4410 Nertbrnauuia
523 4362 587 4407 tune
602 4353 668 4407 recti
685 4353 803 4409 tramitis
814 4354 895 4409 iudex
912 4364 959 4410 aut

167 4427 285 4494 previus
297 4436 365 4481 erat.
381 4425 434 4480 Sed
444 4426 516 4480 sicut
529 4423 636 4493 spiritus
647 4422 692 4475 ιιιι
703 4424 756 4476 uult
770 4426 851 4494 spirat
865 4423 956 4495 (lenta.

168 4509 210 4561 ιιι,
224 4494 264 4564 8),
280 4496 316 4549 ιιι
336 4511 415 4566 quent
429 4494 542 4566 aspirat,
559 4494 647 4547 unctio
667 4492 724 4562 ejus
738 4492 812 4547 docet
825 4493 858 4548 de
871 4496 956 4548 o'ttttti-

168 4564 216 4616 les
234 4565 259 4630 (l
275 4563 356 4618 deno.
370 4565 468 4634 tabl).
483 4564 686 4618 doretnutttans
704 4577 769 4633 ergo
782 4564 895 4628 tuilitiae,
912 4565 957 4620 vili

168 4641 323 4702 tegumento
335 4636 453 4698 indutus,
468 4635 552 4689 barba
566 4641 595 4687 et
606 4634 682 4687 crine
698 4635 812 4689 intonsis
825 4638 895 4690 iuter
907 4652 956 4690 au·

167 4701 235 4758 lices
246 4703 291 4758 diu
306 4704 428 4767 servivit,
448 4713 477 4757 ot
490 4704 588 4773 praedia
601 4719 650 4759 soa
665 4705 720 4758 Deo
731 4720 823 4760 secum
836 4707 953 4760 lucrat-e-

1010 3510 1141 3578 parietem
1154 3524 1329 3579 componens.
1342 3509 1446 3576 Quibus
1461 3510 1506 3565 alii
1521 3512 1597 3565 boris
1612 3507 1740 3573 aberant,
1755 3516 1808 3581 ipse

1012 3580 1175 3648 congerebat
1197 3596 1257 3647 que
1288 3580 1321 3634 ad
1343 3594 1412 3649 opus
1433 3580 1640 3651 exigebantur,
1666 3582 1809 3637 excludens

1010 3649 1096 3704 otium
1111 3648 1145 3702 ab
1160 3652 1233 3703 onnti
1257 3659 1334 3719 parte
1349 3650 1413 3714 diei,
1437 3659 1541 3720 quanto
1564 3651 1688 3705 sanitate
1710 3651 1807 3706 ttuuida

1011 3720 1075 3774 aliut
1086 3720 1236 3785 delicatior,
1246 3731 1321 3775 tauto
1332 3735 1394 3774 vera
1407 3721 1561 3775 bumilitate
1573 3736 1649 3775 tratre
1659 3725 1695 3775 ad
1705 3739 1809 3778 ontttcat

1012 3790 1112 3845 laboris
1122 3791 1291 3844 tolerantiam
1303 3801 1413 3861 propter
1426 3790 1511 3846 Deum
1524 3792 1692 3862 patientior.

1046 3860 1154 3924 Cibotu,
1170 3873 1267 3931 praeter
1279 3862 1377 3931 quibus
1389 3877 1440 3914 nou
1453 3860 1554 3916 licebat
1566 3862 1679 3927 diebus,
1695 3864 1806 3936 accipie

1012 3929 1060 3983 bat
1073 3946 1123 3984 nce
1137 3931 1314 4000 exquisitum,
1330 3940 1356 3985 et
1371 3945 1451 4000 parce
1469 3934 1548 3998 satis,
1563 3933 1678 4002 expleto
1693 3949 1753 3988 etun
1769 3936 1806 3988 die

1011 4016 1093 4070 opere
1109 4017 1169 4055 suo.
1186 4003 1219 4056 dt
1232 4002 1295 4069 quia
1315 4003 1431 4055 interdiu
1454 4003 1586 4072 nequibat
1607 4009 1733 4067 studere,
1752 4008 1803 4058 etti·

1011 4073 1112 4126 scendo
1136 4072 1267 4140 psalterio
1287 4079 1395 4127 noctem
1418 4087 1487 4141 pene
1512 4081 1599 4128 totam
1629 4075 1805 4144 impendebat.

1011 4139 1059 4194 llis
1074 4142 1212 4196 exercitiis
1234 4141 1316 4195 tunlta
1338 4140 1506 4211 jucunditate
1527 4159 1618 4200 novus
1643 4146 1696 4200 tiro
1716 4147 1805 4201 tiburti

1011 4213 1200 4267 exercebatur.

1046 4282 1135 4336 Prima
1149 4283 1300 4336 litterartun
1315 4283 1448 4354 elementa
1471 4283 1578 4352 didicit,
1601 4302 1664 4338 curu
1679 4284 1738 4352 jam
1753 4287 1803 4340 cti·

1010 4360 1094 4407 steret
1105 4369 1237 4407 antrorum
1252 4368 1335 4423 prope
1350 4355 1540 4426 quadraginta,
1561 4368 1590 4409 et
1609 4357 1704 4410 divina
1723 4358 1803 4426 opitu-

1010 4423 1083 4478 lante
1104 4427 1190 4494 gratia
1212 4440 1244 4478 ee
1269 4439 1354 4492 usque
1375 4425 1508 4493 processit
1531 4436 1560 4478 nt
1584 4428 1672 4481 etiam
1689 4428 1802 4497 apprime

1011 4494 1145 4557 eruditos,
1170 4495 1197 4548 iu
1213 4494 1382 4564 exponendis
1398 4510 1429 4548 ae
1451 4495 1640 4565 intelligendis
1658 4498 1804 4550 divtuatuu

1009 4563 1211 4634 seripturarum
1228 4566 1370 4620 sententiis
1386 4566 1482 4619 metito
1496 4567 1647 4622 lutberetttr
1663 4569 1801 4622 mirabilis.

1008 4637 1084 4709 Quod
1110 4643 1137 4688 ut
1161 4634 1245 4690 solius
1268 4635 1364 4689 dirime
1379 4636 1473 4704 gratiae
1496 4636 1647 4703 tribuatur,
1671 4648 1803 4693 nacturos

1009 4715 1112 4759 tautum
1137 4705 1212 4759 boris
1235 4705 1325 4760 studio
1348 4706 1411 4760 bule
1439 4708 1570 4788 vacabat,
1604 4710 1673 4778 qnia
1702 4719 1802 4779 propter

168 4774 345 4829 surexitutus
357 4776 392 4828 ab
404 4773 524 4845 AEgypto
538 4790 615 4828 verus
628 4773 673 4828 ille
685 4774 823 4831 llebraeus.
836 4774 895 4831 latu
908 4778 954 4831 do·
971 4792 994 4852 0
1008 4777 1138 4831 lectiones
1161 4792 1299 4846 uunquam
1324 4775 1414 4829 diurni
1438 4776 1529 4845 operis
1556 4781 1713 4834 intermisit
1736 4794 1802 4833 exse·

168 4843 233 4898 mini
255 4845 296 4900 sui
323 4844 447 4900 assidens
468 4858 577 4908 aretusae,
594 4844 664 4899 inter
677 4845 955 4917 multiutodasepnlas

166 4929 237 4985 pane
261 4915 392 4986 asperiori
418 4916 577 4970 vescebatur
596 4924 624 4969 et
646 4928 726 4983 aqua.
751 4915 899 4972 Ridebatur
921 4918 956 4971 ab

165 4986 311 5054 universis,
339 4985 464 5041 amentiae
487 4985 617 5054 quidquid
641 4985 738 5056 agebat
768 4988 954 5056 reputabatur.

165 5052 258 5120 llinis,
269 5056 420 5128 prontissis,
433 5054 549 5126 injuriis,
560 5053 655 5110 officiis
665 5056 789 5112 domiuus
799 5067 827 5113 et
835 5058 955 5113 universi

165 5127 298 5182 satellites
309 5144 361 5182 ιιιιιι
373 5135 497 5197 poterant
508 5140 523 5177 a
535 5128 671 5194 proposito
682 5140 732 5181 suo
741 5142 803 5181 eunt
815 5136 952 5195 avertere;

166 5196 274 5250 nolebat
296 5208 386 5253 tamen
401 5197 459 5251 sine
474 5196 584 5251 dotuino
598 5196 640 5250 cui
655 5198 793 5252 serviebat
804 5200 953 5253 discedere.

163 5264 270 5321 luterea
282 5283 373 5324 comes
385 5267 548 5323 Gillebertus
562 5267 597 5319 ob
611 5266 738 5320 dauttnttu
752 5269 803 5322 sibi
818 5270 954 5337 peruicio-

166 5350 238 5400 stutt,
255 5340 325 5407 quod
340 5339 474 5410 qitispiatu
495 5337 673 5423 compatriota
688 5337 859 5403 moliebatur,
879 5339 954 5394 utisit

165 5403 324 5462 llerluinutu
335 5411 368 5464 ad
380 5408 528 5463 liebertum
541 5406 743 5462 bortbtttauniae
753 5411 955 5479 pritteipeut.bt

165 5477 207 5529 vir
222 5478 295 5546 pacis
311 5479 366 5533 iere
377 5480 506 5534 dantuosa
520 5477 599 5531 alicui
616 5478 831 5534 machinamenta
846 5481 954 5550 penitus

166 5550 315 5614 recusat·it;
331 5560 434 5618 perstat
457 5549 581 5603 dontinus
607 5549 633 5601 iu
660 5550 806 5613 sententia,
829 5552 953 5617 bortans,

165 5618 333 5674 corntuinaus
342 5630 370 5673 ut
380 5619 484 5675 covasilii
496 5621 537 5674 sui
551 5621 662 5673 vcrbuut
677 5620 710 5673 ad
722 5621 858 5675 domiuum
873 5637 952 5676 suurn

166 5685 324 5752 perferendo
340 5690 451 5762 scierat.
465 5689 560 5760 Agitur
573 5701 602 5744 ut
614 5691 669 5760 jatu
684 5691 810 5745 ostendat
824 5691 901 5748 utiles
919 5698 953 5747 ad

1009 4846 1156 4901 ontionem.
1172 4845 1248 4901 Nova
1272 4859 1366 4900 rursus
1380 4855 1475 4901 eontra
1492 4860 1555 4902 eunt
1579 4848 1673 4905 bostis
1687 4851 1802 4919 antiquus

1008 4917 1120 4972 invenit.

1042 4985 1204 5042 Coenobiom
1218 4987 1354 5059 quoddam
1368 4986 1515 5045 llerluinos
1531 4988 1645 5047 adierat
1661 4994 1752 5062 gratia
1768 4991 1800 5044 itt·

1007 5057 1131 5128 quirendi
1143 5060 1177 5112 de
1196 5059 1249 5112 vita
1265 5060 1469 5114 tuouaeborutn.
1484 5059 1618 5116 Oratione
1633 5061 1710 5117 laeta
1723 5078 1803 5117 acees-

1007 5131 1042 5184 sit
1065 5128 1138 5184 otuni
1164 5144 1225 5182 cunt
1253 5130 1404 5183 reverentia
1427 5130 1512 5184 utolto
1538 5146 1605 5185 curn
1633 5142 1755 5186 tretnote
1776 5130 1801 5182 ad

1006 5200 1105 5254 ostium
1119 5198 1243 5262 claustri,
1257 5200 1374 5254 velutad
1388 5200 1537 5256 claustrum
1553 5203 1697 5270 paradisi,
1709 5205 1803 5259 deside

1007 5270 1160 5325 tutissimus
1172 5269 1242 5324 scit-e
1256 5270 1316 5338 quis
1330 5271 1523 5326 tnouaeborutn
1543 5274 1671 5339 babitus,
1688 5277 1735 5344 qui
1755 5290 1803 5326 uto·

1006 5355 1061 5405 res,
1084 5356 1144 5410 quae
1167 5339 1192 5393 in
1217 5340 1338 5396 elaustro
1354 5341 1463 5396 sedendi
1481 5343 1519 5396 sit
1534 5343 1643 5415 religio.
1667 5346 1725 5400 Sed
1746 5342 1804 5396 tittit

1004 5411 1084 5483 louge
1100 5411 1179 5465 aliato
1200 5410 1235 5465 ab
1249 5426 1293 5476 ea,
1309 5427 1391 5499 quam
1410 5413 1575 5469 coeuobialis
1588 5416 1660 5471 urdo
1675 5424 1802 5487 exposed.

1005 5483 1166 5554 gravitatem
1182 5479 1287 5536 baberi.
1305 5481 1439 5537 'lurbatus
1453 5492 1506 5549 est,
1517 5483 1575 5554 jatn
1592 5484 1721 5543 incertas
1740 5483 1803 5556 quod

1006 5553 1113 5608 vivendi
1128 5566 1214 5624 genus
1231 5554 1404 5624 approbaret.

1039 5622 1080 5677 nd
1100 5623 1168 5686 bac,
1183 5623 1229 5692 qui
1254 5623 1412 5680 tnonasterii
1426 5633 1520 5683 custos
1533 5636 1607 5694 erat,
1627 5638 1662 5685 ut
1682 5626 1801 5687 illousic

1007 5694 1141 5751 introrsus
1156 5694 1342 5751 attendentem
1360 5696 1515 5767 cottspexit,
1529 5694 1621 5754 larem
1642 5701 1801 5772 sttspieatos
