3690 6008
11 234 162 299 minister
183 233 415 299 secretioribus
433 235 553 300 assidet
578 234 742 308 consiliis,
761 232 967 297 sicomuium
986 238 1152 313 promovet
1177 233 1226 297 rel
1243 237 1383 317 protegit
1406 238 1533 317 studia,
1557 245 1594 306 ut
1622 242 1658 305 in

12 362 86 443 ipso
99 358 238 426 habeant
251 360 460 426 scientiarum
479 361 603 426 alumni
619 363 837 436 bleeaenatem,
852 376 966 459 omnes
983 360 1113 425 litterati
1128 368 1312 442 patronum.

50 508 89 573 ln
113 516 143 572 te
159 525 252 589 ergo,
269 508 491 573 illustrissime
508 507 658 583 domine,
676 512 712 572 ut
730 508 824 572 nobis
843 507 898 585 sit,
916 526 1013 590 quern
1030 508 1063 572 in
1079 509 1214 573 Parente
1229 526 1264 572 se
1281 508 1400 573 babere
1415 507 1573 587 gloriatur
1588 528 1656 575 non

12 626 115 695 Gallia
130 630 246 706 modo,
262 630 319 694 sed
337 632 481 708 Europa,
500 627 558 693 sed
571 635 660 695 totus
673 630 779 703 urbis,
795 628 972 693 Anselmus
987 629 1140 710 primevo
1157 646 1218 693 suo
1236 627 1401 711 splendori
1416 631 1580 708 redditus,
1595 638 1656 697 tuo

12 750 146 816 nomiae
162 753 258 832 gestit
277 750 440 830 insigniri,
457 751 514 833 qui
534 749 612 814 olim
628 750 751 826 Gallim,
768 751 903 831 Anglim,
919 751 968 816 rel
987 751 1089 831 magis
1108 751 1197 815 orbis
1211 749 1386 816 Christiani
1411 751 1512 817 decus
1537 752 1599 819 luit
1623 761 1656 820 et

16 877 257 934 ornamentum.

53 1016 85 1077 is
106 1031 145 1079 ex
160 1014 275 1079 abbate
290 1014 457 1091 Beceemi,
468 1012 563 1092 cuius
577 1012 686 1077 locum
705 1017 809 1087 tenes,
821 1010 862 1074 ad
879 1009 998 1076 inlulas
1012 1015 1135 1092 raptus,
1149 1025 1230 1091 quas
1247 1014 1282 1073 ut
1297 1008 1442 1073 scientio
1454 1010 1654 1098 pietatisque

14 1139 126 1203 merito
144 1122 385 1234 quamprimum
402 1141 560 1217 obtineas,
576 1142 642 1222 jam
667 1141 701 1204 in
723 1141 870 1205 omnium
887 1142 975 1204 uotis
993 1144 1058 1217 est;
1078 1140 1125 1215 is,
1154 1139 1301 1221 inquam,
1324 1155 1384 1203 sua
1398 1137 1581 1219 Operanon
1598 1142 1657 1202 tuo

15 1260 175 1336 examini,
196 1268 231 1324 ut
251 1259 329 1324 olim
347 1260 516 1326 Lanlranci
533 1278 690 1337 censure,
707 1261 895 1343 corrigenda
910 1260 1051 1343 subjicit,
1067 1258 1125 1325 sed
1149 1259 1330 1336 emendare,
1348 1260 1412 1323 tuis
1430 1260 1552 1323 studiis
1575 1264 1657 1322 tum-

11 1394 77 1459 que
92 1378 199 1442 tutelae
214 1380 397 1443 committit.

51 1518 141 1581 Unus
166 1516 249 1581 forte
274 1519 443 1584 miraberis
463 1521 550 1601 quod
571 1520 810 1601 i'lreologorum
830 1520 924 1586 lacile
941 1521 1090 1602 princeps
1110 1526 1142 1585 to
1166 1536 1264 1585 sacrm
1287 1520 1443 1585 doctrino
1465 1520 1646 1600 alumnum,

12 1653 82 1701 sure
98 1646 219 1717 querat
232 1638 352 1703 babere
369 1646 519 1704 tutorem.
539 1641 608 1705 Hac
626 1659 728 1705 unum
743 1643 778 1706 in
804 1651 834 1707 te
851 1642 1008 1707 mirantur
1031 1657 1145 1706 omnes
1160 1641 1248 1722 quod
1266 1648 1328 1705 ture
1342 1641 1483 1722 parentis
1501 1657 1565 1704 non
1589 1648 1655 1705 tam

12 1755 165 1819 alumnus
183 1775 279 1837 quam
295 1763 394 1834 actor,
413 1764 444 1823 et
464 1758 581 1825 vindex
596 1761 644 1826 sis
666 1763 769 1843 magis
789 1779 887 1843 quam
904 1761 1094 1843 discipulus.
1118 1761 1347 1826 sublimiorem
1369 1778 1445 1825 sane
1467 1761 1653 1843 intelligen-

13 1877 92 1940 tiam
118 1880 241 1960 spirant
265 1880 363 1964 liujus
381 1883 484 1948 saneti
502 1883 644 1950 doctoris
661 1885 785 1968 Opera;
805 1904 930 1966 rerum,
946 1904 1012 1967 quo
1033 1885 1156 1962 ferres,
1172 1886 1299 1951 animus
1322 1903 1383 1949 nec
1408 1885 1656 1950 sublimioribus

12 1998 128 2081 impar.

48 2142 83 2205 8.
101 2143 275 2208 anselmus
298 2163 382 2210 unus
406 2148 476 2228 ipse
493 2155 542 2212 est
559 2150 617 2226 qui
637 2165 771 2211 summm
787 2148 937 2212 essentiae
956 2148 1152 2228 majestatem
1161 2163 1199 2210 ea
1211 2145 1395 2210 humilitate
1412 2150 1573 2208 scrutatus
1593 2150 1653 2232 est,

12 2278 85 2343 qum
100 2281 164 2328 non
185 2267 424 2347 opprimeretur
443 2287 462 2332 a
485 2268 604 2349 gloria;
620 2272 651 2331 et
668 2285 705 2331 ea
728 2267 887 2346 sapientie
901 2266 1023 2346 attigit,
1045 2282 1118 2348 qum
1136 2264 1331 2344 intelligeret
1353 2262 1441 2345 quod
1463 2264 1524 2326 lide
1545 2264 1651 2325 credi·

11 2383 71 2448 dit.
87 2386 177 2451 linus
191 2390 261 2470 ipss
280 2396 329 2455 est
345 2389 403 2471 qui
419 2389 525 2453 divini
542 2387 642 2452 Verbi
659 2386 873 2452 oeconomiam
887 2388 936 2451 sic
949 2386 1112 2467 exposuit,
1129 2392 1166 2450 ut
1180 2385 1267 2466 quod
1284 2390 1409 2467 caperet
1428 2401 1541 2458 nemo,
1558 2400 1656 2447 uerno

12 2522 79 2571 non
103 2509 333 2589 apprehendat,
355 2511 414 2593 qui
435 2528 508 2575 cum
529 2510 600 2592 ipso
626 2529 684 2593 per
704 2510 798 2576 ladem
816 2510 857 2575 ad
883 2509 1086 2577 intellectum
1112 2508 1295 2591 profecerit.
1319 2506 1411 2573 Unus
1436 2509 1507 2590 ipse
1529 2515 1576 2572 est
1599 2509 1656 2590 qui

10 2628 120 2707 angeli
143 2635 174 2694 et
195 2629 338 2696 bominis
355 2650 478 2708 casum,
500 2633 735 2715 originalisque
755 2633 838 2697 labis
865 2633 1029 2697 traducem
1052 2633 1099 2696 sic
1127 2632 1317 2707 edisseruit,
1350 2639 1384 2694 ut
1408 2630 1495 2713 quod
1520 2634 1655 2694 cmteros

16 2747 182 2812 oecultum
199 2749 381 2831 latuit,jam
395 2752 548 2816 omnibus
567 2752 620 2817 fiat
633 2752 858 2828 manifestum,
880 2750 939 2834 qui
955 2751 1028 2815 ideo
1044 2750 1181 2816 credunt
1195 2757 1230 2815 ut
1245 2750 1438 2831 intelligant.
1454 2752 1543 2815 Unus
1559 2768 1655 2832 porro

12 2877 84 2957 ipso
109 2879 158 2939 est
184 2875 341 2957 quicum,
366 2893 462 2957 quam
481 2873 573 2956 pauci
598 2880 767 2954 penetrare
784 2875 907 2951 ualent,
928 2873 1046 2938 dirinae
1064 2872 1288 2956 prescientia),
1309 2872 1604 2952 predestinationis
1624 2880 1656 2937 ot

11 2994 124 3079 gratie
139 3014 214 3061 cum
232 2996 371 3060 bumana
386 2994 535 3059 libertate
552 2994 755 3059 concordiam
777 3012 814 3058 ea
834 2994 905 3075 lege
920 2992 1114 3078 composuit,
1130 2999 1166 3056 ut
1184 2999 1291 3073 pereat
1307 3008 1441 3058 necesse
1460 2993 1504 3056 sit
1526 2994 1583 3074 qui
1608 2995 1656 3059 sie

12 3116 116 3187 unum
133 3120 276 3201 delendis
290 3124 325 3185 ut
340 3120 478 3183 alterum
494 3127 599 3201 neget.

51 3261 127 3324 Haec
144 3265 232 3337 sunt,
258 3258 477 3325 illustrissime
498 3259 641 3336 domiue,
658 3277 730 3342 quae
746 3260 777 3322 S.
802 3258 977 3325 anselmus
996 3260 1103 3340 sapuit
1121 3281 1128 3321 :
1150 3258 1217 3322 baec
1233 3267 1309 3322 suat
1331 3276 1404 3340 ques
1428 3261 1459 3323 S.
1479 3260 1653 3325 Anselmus

15 3382 144 3458 lucain
164 3382 342 3465 etquidem
360 3382 427 3446 baec
442 3383 515 3458 alta,
536 3382 603 3446 haec
618 3399 745 3446 summa
759 3389 858 3459 sunt,
875 3383 932 3448 sed
950 3389 982 3447 et
997 3382 1071 3446 ideo
1086 3382 1153 3445 tuis
1169 3381 1265 3461 digna
1282 3382 1411 3458 studiis,
1428 3383 1549 3463 quibus
1567 3385 1600 3447 in
1621 3385 1654 3448 id

15 3480 119 3571 uuum
137 3505 243 3569 tendis
261 3515 296 3571 ut
315 3507 381 3570 ileo
401 3505 497 3587 digna
514 3507 631 3587 sapias.
649 3506 708 3569 llis
724 3506 834 3588 itaque
849 3506 906 3587 qui
924 3506 960 3569 in
975 3505 1078 3569 sancti
1100 3502 1237 3584 hujusce
1256 3504 1398 3569 doctoris
1423 3504 1584 3585 Operibus
1602 3504 1654 3568 la-

16 3629 95 3703 tent,
111 3625 229 3690 dirinre
247 3627 413 3707 sapientie
432 3626 593 3690 thesauris
610 3628 730 3708 loquis
747 3626 888 3707 dignior,
904 3626 956 3691 rel
974 3631 1004 3691 to
1021 3624 1101 3690 auid
1115 3625 1271 3704 digmusr
1284 3626 1352 3690 llos
1366 3626 1467 3706 igitur
1485 3643 1524 3691 eo
1546 3627 1654 3692 animo

17 3746 170 3828 excipias,
188 3766 255 3830 quo
272 3750 361 3830 ipsos
375 3750 410 3813 in
427 3768 495 3816 sum
513 3768 587 3831 erga
611 3757 640 3816 te
666 3752 857 3816 reverentiae
873 3750 1070 3833 obsequium
1087 3757 1146 3815 tuo
1168 3750 1293 3815 nomini
1320 3749 1421 3823 dicat,
1440 3749 1498 3828 qui
1516 3752 1552 3810 ut
1571 3748 1655 3813 nibil

17 3880 160 3948 unquam
178 3868 243 3933 nisi
260 3875 397 3951 rectum,
414 3871 477 3936 nisi
497 3877 666 3950 sanctum,
686 3889 759 3938 cum
776 3872 930 3938 ltnselmo
946 3871 1066 3954 sapias,
1086 3876 1117 3936 et
1131 3870 1167 3934 in
1183 3870 1251 3934 Deo
1270 3884 1399 3948 semper
1420 3865 1537 3945 valeas,
1562 3873 1654 3932 mter·

17 4004 95 4055 num
110 3998 260 4074 precatur

752 4940 995 5005 Addictr'ssimus
1010 4941 1046 5003 F.
1066 4940 1209 5004 Gaenrne
1223 4939 1418 5016 Genaunes,

562 5043 728 5125 Presbyter
748 5062 784 5107 ac
799 5042 968 5109 meraciter
989 5043 1024 5105 in
1041 5039 1281 5123 concrepatione
1293 5040 1406 5105 Sanco·
1420 5038 1539 5108 Maure
