3690 6008
104 234 154 290 'ibi
804 224 1071 288 beotttrtouts.
1688 219 1740 279 tit

104 342 202 413 inquit,
217 340 245 395 ia
259 338 418 410 supplicium
431 351 574 408 acerum,-
583 341 650 413 juati
666 350 755 397 eutem
774 342 802 395 ia
815 343 894 395 uitam
909 344 932 402 Α
947 347 976 394 ιιι
992 353 1041 394 ιιι
1055 337 1166 394 satietas
1180 327 1363 407 desiderium,
1382 353 1432 396 nee
1446 337 1609 395 desiderium
1627 341 1738 398 satieta-

103 443 230 486 ccteruam
245 429 332 502 (ibid,
347 432 402 503 to).
416 431 439 488 0
454 433 520 487 clera
533 433 683 503 separatio!
700 447 717 487 o
733 431 897 487 miserabilis
948 440 1002 485 tem
1019 430 1156 499 impediat.
1171 427 1240 496 Quid
1260 439 1302 485 est
1316 430 1383 486 boel
1397 431 1476 487 Certe
1490 432 1560 501 quod
1576 431 1668 487 oculus
1687 448 1739 490 nou

102 523 239 576 conditio!
255 522 375 578 Sublatis
395 524 467 577 eninr
488 524 578 594 impiis
598 538 633 579 ιιι
654 523 763 578 uideant
784 522 896 594 gloriam
947 523 1026 588 sidit,
1042 538 1088 576 ιιι
1101 523 1173 575 uaria
1189 522 1305 586 audiuit,
1322 537 1368 575 uec
1384 522 1412 575 in
1434 538 1479 577 cor
1495 523 1607 578 bominis
1623 524 1740 581 uactrrdit

103 613 166 679 beu
178 614 211 668 de
221 612 303 682 justis
315 629 380 669 tero
395 615 507 686 singulis
523 617 672 670 secundum
691 615 803 686 gradum
818 629 896 670 strum
947 630 1006 686 qure
1020 614 1177 683 prrcpurueit
1193 610 1263 665 Deus
1278 611 1443 681 diligentibus
1457 629 1484 667 ιι
1498 612 1522 684 (i
1539 612 1600 668 Cor.
1615 630 1648 679 ιι,
1663 613 1702 687 9).

102 713 130 758 ιι
156 706 281 759 ιιιιιιιιιιιι
309 706 439 776 angelicis
463 706 604 761 ordinibus
635 705 756 771 insertis,
780 704 826 760 liet
852 702 896 758 illa
983 703 1046 759 llaec
1068 704 1136 768 tibi,
1156 717 1245 767 soror,
1269 702 1303 756 de
1324 702 1521 772 praeteritomur
1546 704 1739 761 beneficiorum

102 798 219 868 gloriosa
243 799 391 868 processio,
415 798 524 853 Christo
552 797 721 868 praecedente
740 797 829 866 capite
849 809 898 850 no·
946 795 1047 852 Christi
1071 795 1224 858 memoria,
1248 792 1280 847 de
1301 794 1473 863 praesentium
1495 795 1684 864 experientia,
1705 796 1740 852 ιιι

102 898 169 954 stro,
198 889 377 959 oruoibusque
404 890 460 943 suis
488 888 618 943 membris
647 886 837 957 sequentibus,
868 891 897 939 el
945 888 1145 959 exspectatione
1173 886 1345 952 lrrtrrrecum,
1377 888 1501 957 quaedam
1532 888 1739 944 meditationum

102 981 224 1036 tradetur
239 995 351 1050 reguum
374 980 429 1036 Uco
445 979 531 1047 Patri,
552 988 580 1034 ut
603 980 661 1050 ipse
682 987 776 1050 regnet
795 978 822 1033 in
844 979 895 1043 eis,
946 980 1126 1052 spiritualium
1143 980 1247 1035 seusina
1262 981 1446 1051 proseminare
1460 983 1569 1045 curavi,
1589 996 1622 1036 ex
1641 983 1740 1052 quibus

100 1080 129 1126 ιι
149 1071 199 1141 ipsi
218 1072 244 1126 in
266 1087 310 1137 eo,
329 1088 440 1143 regnum
461 1071 524 1126 illud
547 1073 738 1141 percipientes,
757 1072 827 1143 quod
846 1088 896 1142 po·
946 1071 1030 1127 diuini
1047 1071 1151 1127 amoris
1169 1071 1302 1127 fructibus
1316 1071 1425 1126 uberior
1441 1072 1547 1127 oriatur
1567 1083 1594 1126 et
1612 1083 1738 1130 crescat:

101 1173 189 1217 rutum
203 1174 240 1219 est
256 1163 307 1219 illis
331 1167 363 1217 ob
385 1164 484 1235 eripiare
499 1165 603 1231 orandi,
622 1166 699 1235 cujus
714 1164 790 1236 regni
810 1173 897 1220 status
945 1173 976 1217 ut
996 1163 1136 1218 meditatio
1159 1161 1285 1218 affectum
1306 1163 1425 1229 excitet,
1443 1161 1556 1219 affectus
1576 1164 1740 1220 desiderium

100 1268 136 1309 uc
147 1254 259 1325 cogitari
274 1253 382 1323 quidem
398 1270 413 1308 a
428 1255 507 1309 nobis
523 1263 624 1324 potest,
640 1254 828 1310 multominus
842 1253 896 1310 dici
945 1258 1043 1328 pariat,
1056 1257 1190 1328 lacrymas
1201 1256 1364 1312 desiderium
1376 1265 1557 1326 extorqueat:
1573 1266 1601 1311 ut
1613 1259 1660 1313 tibi
1685 1258 1741 1315 siut

100 1346 142 1402 rel
156 1346 248 1402 scribi.
269 1345 325 1402 Uoc
339 1348 396 1403 scio
408 1347 480 1418 quod
494 1347 561 1402 nibil
581 1347 693 1404 oumioo
714 1347 802 1403 aberit
824 1345 897 1418 quoti
947 1347 1071 1420 iecrpmoe
1086 1356 1138 1403 tnae
1151 1365 1231 1417 portes
1244 1349 1286 1402 die
1297 1364 1328 1402 ac
1343 1359 1416 1403 rrocte
1429 1347 1514 1415 (Psoi.
1529 1366 1584 1414 ιιι,
1598 1350 1638 1417 ι),
1654 1351 1741 1406 ‹lorree

100 1436 169 1492 uelis
182 1439 288 1493 adesse.
945 1455 1076 1510 appareas
1100 1440 1126 1493 iu
1147 1447 1291 1509 conspectu
1313 1438 1386 1506 ejus,
1409 1448 1435 1494 et
1456 1440 1613 1510 suseipiaris
1628 1441 1662 1495 ab
1679 1456 1740 1494 artr-

137 1527 230 1583 Nullns
246 1529 327 1599 igitur
341 1529 377 1584 ibi
390 1527 489 1596 luctus,
501 1529 590 1585 nullus
600 1529 690 1594 dctrrs,
703 1529 794 1584 nullus
807 1528 894 1594 dolor,
945 1529 1068 1600 plexibus
1081 1529 1154 1599 ejus,
1172 1530 1301 1603 dicasque
1315 1530 1379 1584 illud
1402 1530 1473 1600 quod
1489 1531 1516 1585 iu
1534 1530 1654 1586 Caturicis
1672 1532 1740 1587 scri·
1819 1594 1822 1599 ⁸

100 1622 191 1678 nullus
205 1623 294 1677 tirum.
311 1622 370 1678 Non
386 1625 505 1690 tristitia,
524 1639 577 1680 non
592 1625 738 1688 discordia,
758 1641 810 1681 uon
827 1626 894 1679 insi·
945 1634 1019 1695 ptum
1029 1632 1070 1680 est
1087 1641 1093 1675 :
1110 1622 1226 1677 Dilectus
1240 1637 1311 1676 utera
1325 1621 1398 1683 aiibi,
1413 1631 1436 1675 ιι
1451 1636 1498 1690 epo
1513 1621 1552 1674 illi
1561 1639 1570 1688 ,·
1581 1623 1647 1676 iuter
1660 1625 1740 1676 ubero

101 1714 218 1778 dia,uou
229 1714 380 1782 tribulatio,
395 1732 448 1772 non
458 1718 581 1784 tentatio,
595 1716 894 1772 nonaerismntatiorcl
911 1697 1220 1783 erocommorniitru·
1234 1714 1322 1785 (Carti.
1338 1731 1359 1778 ι,
1375 1714 1429 1782 ιι).
1448 1713 1524 1781 Qttod
1540 1714 1596 1784 ipse
1611 1712 1657 1767 tibi
1672 1730 1741 1783 pra·-

101 1805 251 1876 ourruptio,
274 1822 327 1860 uon
347 1808 476 1878 suspicio,
492 1822 544 1862 non
558 1806 681 1871 ambitio,
697 1823 749 1862 nott
763 1805 894 1873 adulatio,

101 1911 155 1951 non
168 1896 311 1959 detractio,
320 1913 374 1953 nou
383 1898 526 1970 aegritudo,
536 1913 589 1953 uon
597 1907 733 1965 senectus,
746 1913 799 1954 non
809 1912 894 1981 mors,

101 2004 154 2042 non
169 1997 325 2058 paupertas,
344 2006 396 2045 non
413 2006 476 2056 nor,
500 2006 553 2046 non
574 1991 703 2055 tenebra,
723 2006 776 2045 uon
797 1990 896 2046 edendi

101 2079 144 2133 vel
168 2080 276 2136 bibendi
294 2081 334 2136 rel
353 2081 504 2137 dormiendi
524 2081 577 2136 ulla
595 2081 755 2147 necessitas,
773 2081 896 2151 fatigatio

100 2170 185 2225 nulia.
209 2170 278 2239 Quid
301 2185 365 2243 ergo
389 2173 425 2229 ibi
447 2173 510 2228 boni
533 2173 594 2228 esti
616 2172 667 2229 Ubi
685 2188 774 2244 neque
796 2174 894 2241 luctus,

100 2260 182 2332 2³5
196 2277 283 2333 neque
297 2263 385 2331 deiris,
402 2277 491 2334 neque
509 2263 595 2330 dolor,
611 2279 662 2320 neo
678 2264 810 2330 tristitia,
830 2264 896 2335 qnid

99 2362 261 2422 potestesse
277 2356 327 2411 nisi
345 2357 466 2426 perlecta
481 2357 594 2412 laetitia?
615 2356 665 2413 Ubl
683 2356 755 2410 nulla
770 2357 894 2423 tentatio,

100 2447 143 2502 sel
157 2449 306 2516 tribulatio,
318 2452 389 2505 nrdla
402 2461 555 2523 temporum
567 2455 695 2522 mutatio,
706 2456 747 2512 rel
757 2455 895 2525 corruptio

100 2541 182 2604 aeris,
197 2550 278 2598 astus
292 2544 488 2611 veliementior,
510 2561 559 2602 nce
579 2548 668 2603 biems
682 2548 813 2620 asperior,
830 2549 896 2618 quid

99 2641 189 2704 potest
201 2649 261 2690 esse
272 2636 323 2692 nisi
335 2653 442 2694 summa
457 2641 580 2709 quadarn
597 2657 685 2696 rernm
699 2642 852 2713 temperies,
867 2649 896 2698 et

99 2727 198 2780 mentis
213 2735 240 2782 et
258 2733 349 2785 carreis
368 2745 430 2785 uera
449 2741 478 2786 et
500 2747 606 2787 summa
623 2734 826 2804 tranquillitas?
842 2733 893 2790 Ubi

100 2815 167 2869 nibil
185 2825 227 2872 est
247 2819 317 2887 qnod
334 2821 441 2884 timeas,
462 2822 527 2892 quid
542 2833 630 2893 potest
645 2839 705 2881 esse
722 2827 772 2882 uisi
787 2841 894 2883 suntma

99 2908 248 2963 securitas?
263 2909 312 2965 Ubi
333 2911 404 2964 nulla
425 2912 569 2976 discordia,
592 2915 663 2969 nulla
688 2915 805 2983 inuidia,
828 2918 893 2988 quid

946 1818 1019 1866 stare
1041 1807 1179 1878 dignetur,
1194 1805 1240 1876 qui
1257 1805 1322 1861 risit
1341 1813 1368 1860 et
1393 1815 1488 1875 regnat
1506 1803 1576 1858 Ueus
1594 1803 1620 1858 iu
1644 1803 1740 1859 saecuia

946 1904 1117 1960 sacculorum.
1133 1903 1230 1957 Auteu.

1194 1989 1380 2047 stubltdt'to
1399 1989 1490 2044 ttt'ttt.

946 2107 1099 2164 Gratiarum
1110 2106 1224 2160 actiones
1234 2121 1281 2173 pro
1293 2104 1523 2166 beneficiisciiciure
1534 2104 1720 2159 irrisericorciioe

1156 2186 1180 2229 ιι
1194 2177 1284 2245 petitio
1297 2176 1378 2229 diuini
1392 2174 1529 2244 adjutorii.

946 2267 1016 2338 Spes
1031 2281 1100 2330 urea,
1113 2263 1221 2320 Christe
1233 2263 1314 2327 Usus,
1328 2263 1469 2318 borttiutun
1483 2272 1510 2315 tu
1523 2262 1610 2319 ultricis
1622 2272 1740 2330 amator,

946 2358 1006 2414 Lux
1018 2373 1088 2424 mea,
1101 2357 1166 2421 sita,
1180 2355 1265 2420 salus,
1279 2371 1329 2423 pax
1342 2363 1369 2408 ot
1382 2355 1464 2408 decos
1475 2367 1555 2407 ontne
1570 2361 1686 2419 tnormn,

945 2453 1042 2509 Onmia
1057 2465 1106 2521 pro
1119 2463 1233 2519 quouuu
1250 2446 1357 2502 soluisti
1375 2446 1446 2502 ierre
1459 2446 1561 2513 solute,

946 2548 1079 2612 Carnem,
1096 2543 1195 2604 uincla,
1211 2558 1331 2609 erucem,
1347 2543 1453 2607 cirinus,
1468 2553 1635 2612 mortemque
1651 2540 1741 2611 sepul·

1005 2618 1008 2624 ¹
1605 2636 1704 2708 [cctam.

944 2732 1010 2788 Post
1025 2740 1079 2788 tres
1093 2731 1155 2786 iude
1169 2729 1225 2784 dies
1241 2728 1347 2783 devicta
1362 2736 1448 2784 morte
1463 2743 1608 2798 resurgens

946 2824 1091 2895 Discipulis
1106 2822 1191 2886 uisus,
1207 2820 1329 2875 nutantia
1345 2820 1427 2874 corda
1443 2818 1607 2885 rcbtrmans,

944 2917 1008 2972 bide
1024 2915 1189 2986 quaterdena
1207 2911 1337 2968 emiorum
1354 2926 1458 2966 surnrua
1475 2912 1585 2981 petisti,

100 3006 187 3066 potest
208 3014 268 3055 esse
289 3001 341 3056 nisi
357 3015 461 3056 sururna
478 3013 505 3057 ιι
527 3016 590 3059 rere
611 3004 738 3060 dilectio?
755 3005 804 3062 Ubi
820 3007 892 3062 nulia
906 3039 930 3104 C
946 3009 1021 3064 Viris
1038 3008 1064 3062 iu
1080 3014 1222 3070 aternum,
1241 3011 1354 3058 nuncet
1369 3002 1528 3072 persaecula
1544 3016 1650 3074 regnas.

99 3085 268 3155 deformitas,
279 3091 343 3160 quid
359 3099 447 3160 potest
461 3106 521 3148 esse
537 3094 587 3150 nisi
601 3109 707 3150 summa
719 3105 746 3151 et
758 3112 822 3151 uera
834 3098 894 3167 pul-

103 3179 247 3236 cbcitudo?
261 3181 311 3237 Ubi
326 3183 397 3238 nulla
413 3194 566 3255 paupertas,
580 3187 645 3258 quid
668 3196 756 3258 potest
769 3203 830 3245 esse
842 3189 896 3245 uisi

102 3271 194 3326 omnis
203 3271 359 3339 ptenttrrdot
370 3273 421 3330 Ubi
435 3276 526 3332 nullus
540 3278 618 3333 lalmr
632 3278 674 3333 uei
688 3280 816 3347 delectio,
830 3280 896 3351 quid

103 3360 156 3414 erit
177 3361 227 3416 uisi
243 3378 348 3418 sururua
363 3366 469 3436 requies
488 3376 516 3422 et
533 3366 683 3424 lortitudo?
699 3369 749 3426 Ubi
765 3371 833 3426 nibil
854 3378 896 3427 est

102 3452 174 3520 quod
202 3464 295 3523 gravet
321 3454 362 3510 vel
389 3466 500 3522 oneret,
528 3460 592 3528 quid
622 3462 675 3517 erit
705 3462 757 3517 uisi
788 3479 896 3520 sutnrutt

104 3539 236 3597 felicitas?
253 3542 302 3599 Ubi
316 3560 367 3600 nec
381 3557 507 3602 senectus
522 3560 705 3617 exspectatur,
721 3568 772 3608 uce
785 3555 896 3611 morbus

103 3633 223 3698 timetur,
239 3634 302 3703 quid
318 3645 409 3706 potest
423 3653 483 3692 esse
497 3639 548 3693 uisi
565 3655 627 3695 seca
644 3643 765 3698 sanitas?
781 3644 831 3700 Ubi
847 3662 896 3703 nee

104 3738 168 3787 nox,
187 3738 238 3778 uec
263 3723 391 3788 tenebrae,
406 3726 470 3798 qnid
493 3736 537 3783 est
550 3728 601 3782 nisi
625 3729 669 3783 lux
694 3732 830 3801 perlecta?
847 3733 896 3789 Ubi

104 3830 178 3870 mors
191 3822 218 3869 et
233 3815 384 3873 mortalitas
395 3819 485 3874 ottrrtis
498 3820 637 3891 absorpta,
649 3823 766 3891 quidest
778 3826 829 3881 nisi
843 3827 897 3882 uta

104 3907 223 3962 aterna?

140 3998 209 4066 Quid
225 4007 268 4054 est
289 3999 358 4055 ultra
378 4003 450 4073 quod
469 4003 645 4074 quaeramus?
663 4002 754 4071 Certe,
772 4006 843 4075 quod
864 4007 899 4065 iis

105 4092 231 4147 erunibus
244 4092 421 4149 excellentius
435 4104 493 4160 est,
514 4096 619 4151 scilicet
636 4095 719 4158 visio,
739 4097 857 4169 cognitio
871 4108 899 4154 ιι

105 4183 214 4238 dilectio
232 4183 377 4239 Creatoris.
396 4186 536 4242 Videbitur
548 4189 575 4241 in
589 4201 633 4253 se,
650 4189 784 4244 ridebitur
795 4191 821 4243 iu
837 4206 897 4245 orn·

105 4274 185 4328 nibus
195 4273 328 4328 creaturis
341 4275 408 4340 suis,
422 4291 518 4348 regens
528 4277 618 4332 omnia
633 4278 692 4334 sine
703 4278 897 4346 sollieitudine,

982 3097 1022 3151 Tu
1039 3112 1069 3152 es
1089 3095 1159 3152 Ueus
1176 3109 1253 3149 meus
1268 3092 1364 3151 ritus.
1380 3093 1505 3147 Cbristus
1521 3108 1597 3148 meus
1616 3101 1741 3157 sauctus,

947 3190 1080 3246 Dominus
1095 3187 1255 3257 menapios,
1271 3202 1317 3259 rex
1332 3199 1408 3240 tractis
1421 3199 1544 3253 ritrtgnns,
1558 3193 1650 3254 pastor
1665 3200 1742 3241 uteris

947 3286 1051 3349 bonus,
1067 3281 1197 3350 magister
1216 3293 1292 3332 meus
1310 3290 1410 3339 voras,
1426 3275 1533 3345 atljutor
1552 3290 1629 3330 meus
1643 3290 1743 3346 oppor-

948 3384 1040 3439 tunus,
1055 3372 1168 3428 dilectus
1181 3384 1258 3425 utens
1277 3366 1493 3438 pulcherrimus,
1508 3367 1585 3436 panis
1604 3382 1681 3422 meus
1701 3367 1741 3422 ri·

946 3482 1013 3532 rus,
1031 3464 1159 3521 sacerdos
1173 3475 1250 3516 rrteus
1267 3459 1293 3514 iu
1309 3467 1456 3520 aternum,
1475 3457 1529 3512 dux
1550 3472 1626 3513 mens
1646 3457 1680 3511 ad
1694 3472 1742 3528 pa·

947 3560 1038 3624 triam,
1053 3557 1097 3612 Ιιιι
1113 3571 1173 3611 mea
1185 3568 1276 3612 cerat.
1292 3550 1404 3606 dulcedo
1416 3565 1474 3605 mea
1490 3559 1597 3615 sancta,
1610 3549 1665 3604 rita
1681 3563 1742 3605 urea

948 3658 1033 3712 recta,
1050 3645 1181 3716 sapientia
1195 3658 1253 3699 mea
1266 3641 1405 3711 praeclara,
1419 3642 1578 3713 simplicitas
1589 3656 1648 3697 ntea
1661 3656 1741 3711 pura,

947 3737 1090 3794 eoncordia
1111 3749 1170 3791 ruea
1186 3732 1315 3803 pacifica,
1339 3732 1462 3785 custodia
1485 3747 1542 3785 mea
1559 3740 1636 3799 turta,
1653 3729 1742 3799 portio

948 3846 1007 3883 uim
1023 3828 1104 3888 bona,
1119 3823 1191 3879 salus
1210 3836 1268 3875 mea
1284 3820 1464 3888 sempiterna,
1480 3821 1665 3876 misericordia
1679 3834 1741 3875 urea

949 3930 1066 3983 carogna,
1086 3909 1215 3983 patientia
1236 3921 1295 3961 mea
1320 3907 1529 3975 robustissima,
1552 3909 1661 3964 rictirua
1681 3923 1743 3964 mea

948 4001 1130 4068 immaculata,
1146 4001 1296 4074 redemptio
1309 4014 1368 4056 mea
1382 4007 1487 4061 sancto,
1500 4013 1563 4068 spes
1575 4013 1634 4053 mea
1650 3999 1739 4068 lirma,

948 4098 1067 4154 ebaritas
1084 4110 1143 4150 mea
1162 4096 1293 4166 perlecta,
1309 4093 1474 4150 resurrectio
1487 4107 1546 4146 men
1562 4100 1667 4157 sancta,
1685 4091 1742 4147 rita

948 4204 1008 4244 mea
1023 4197 1143 4253 aeterna,
1158 4187 1303 4243 exsultatio
1323 4196 1351 4241 ιι
1364 4186 1417 4240 uita
1438 4200 1496 4241 mea
1512 4184 1667 4240 beatissima
1683 4184 1743 4241 siue

950 4283 1002 4336 liure
1014 4295 1152 4335 mansura.
1169 4279 1207 4336 Τι
1220 4279 1361 4350 deprecor,
1375 4277 1497 4348 supplico
1522 4285 1550 4333 et
1563 4292 1612 4333 oro
1632 4285 1661 4333 ut
1678 4290 1743 4348 per·

104 4373 262 4419 sttstcntous
279 4365 371 4417 omnia
389 4365 447 4420 sine
469 4365 572 4428 labore,
591 4365 748 4436 impertiens
768 4367 936 4439 quodam-1)
951 4371 1026 4428 dcias
1047 4371 1073 4426 iu
1093 4386 1136 4428 rue
1154 4385 1221 4440 opus
1242 4379 1360 4440 coeptum
1380 4369 1574 4425 misericordiae
1595 4375 1649 4425 ture
1665 4383 1673 4422 t
1691 4382 1744 4440 ego

105 4455 185 4509 modo
200 4470 230 4510 se
246 4454 359 4525 singulis
381 4472 429 4527 pro
450 4473 498 4512 sua
517 4457 683 4527 capacitate,
705 4459 764 4514 siue
782 4459 898 4514 diminu-

104 4546 178 4601 tione
191 4545 234 4600 ιιι
255 4546 395 4602 divisione.
412 4547 551 4602 videbitur
565 4549 609 4604 ille
625 4549 713 4605 tultus
726 4549 851 4606 amabilis
869 4559 898 4606 et

104 4638 302 4706 desiderabilis,
317 4639 343 4692 iu
357 4654 436 4708 quem
453 4638 538 4712 augeli
553 4640 707 4696 desiderant
721 4641 896 4712 prospicere:

104 4731 139 4787 de
151 4731 228 4799 cujus
242 4731 419 4802 plenitudiue,
433 4733 467 4789 de
482 4732 559 4803 cujns
573 4732 683 4797 lundue,
701 4734 735 4789 de
748 4733 824 4806 crtjrrs
836 4750 898 4788 sua-

104 4825 188 4877 uitate
202 4823 263 4893 quis
280 4823 373 4879 dicet?
389 4822 530 4880 i'idebitur
544 4823 626 4880 Pater
639 4825 665 4879 in
678 4823 757 4892 Filio,
767 4834 794 4879 et
813 4824 833 4879 F
837 4825 898 4883 ilius

106 4915 132 4969 iu
158 4914 259 4981 Patre,
283 4913 401 4986 Spiritus
423 4923 533 4970 sanctos
552 4916 579 4970 io
606 4924 731 4985 utrmque.
759 4915 900 4971 videbitur

104 5008 177 5064 euim
192 5007 272 5063 sicuti
287 5015 339 5070 cst,
354 5007 464 5078 impleta
480 5006 539 5075 cius
552 5008 731 5078 promissione
745 5024 798 5078 qua
809 5008 898 5064 dicit:

106 5099 159 5165 eri
171 5098 256 5169 diligit
272 5115 323 5163 me,
337 5097 458 5168 diligitur
473 5116 489 5152 o
503 5096 582 5153 Patre
605 5116 671 5166 meo,
689 5108 713 5155 rt
726 5117 773 5170 ego
790 5100 899 5170 diligunt

105 5207 176 5254 erint,
190 5200 214 5244 et
232 5190 406 5258 manifestabo
421 5192 444 5245 ei
457 5192 583 5260 oteiprum
601 5190 691 5262 (loon.
710 5209 765 5258 ιιι,
784 5192 841 5265 at).
859 5193 898 5248 Ut

107 5283 159 5336 bac
176 5282 279 5337 visione
294 5281 337 5335 illa
353 5281 473 5351 procedit
491 5280 623 5351 cognitio,
640 5283 674 5337 de
690 5296 742 5351 qua
764 5282 821 5353 ipse
840 5282 897 5338 ait:

108 5370 174 5428 ilice
191 5381 230 5426 eat
246 5373 299 5427 uite
316 5381 431 5438 ceteram,
450 5380 478 5426 ιιι
493 5381 650 5442 coquorruut
669 5382 693 5427 ιι
708 5373 791 5426 solam
810 5389 899 5428 everunt

107 5468 193 5522 ileum
211 5463 301 5535 (iona.
318 5478 388 5529 ιιιι,
409 5463 448 5534 3).
470 5464 507 5518 Et
528 5464 571 5520 bis
592 5472 666 5518 tanta
688 5474 814 5521 irascetur
829 5465 901 5521 dile·

107 5556 173 5624 etio,
189 5565 280 5612 mulus
293 5555 374 5613 ardor
385 5555 422 5627 pii
435 5555 552 5622 amoris,
567 5562 641 5610 tanta
657 5555 769 5611 dulcedo
782 5556 900 5612 cineriti-

109 5648 155 5707 tis,
171 5658 246 5704 tauta
261 5645 368 5705 irruendi
381 5645 471 5718 copia,
486 5656 560 5703 tanta
573 5645 700 5706 desiderii
717 5650 899 5718 rcltcrueutia,

948 4464 1032 4530 euim,
1049 4463 1160 4519 ultimus
1174 4477 1316 4518 serrorum
1332 4470 1449 4523 tuocum,
1466 4476 1519 4516 nott
1539 4461 1682 4516 immernor
1694 4461 1743 4517 bo-

950 4555 1109 4611 uedciorum
1135 4553 1318 4609 miserationis
1342 4560 1413 4618 ιιιι,
1433 4568 1494 4622 quae
1516 4553 1582 4609 ntibi
1606 4553 1744 4624 peccatori

949 4647 1047 4703 collata
1062 4654 1135 4712 suut,
1150 4645 1252 4714 gratias
1266 4644 1313 4700 tibi
1324 4660 1390 4714 ago,
1404 4645 1468 4715 quia
1481 4659 1524 4699 mc
1539 4645 1678 4714 indiguum
1693 4657 1750 4714 pro·

950 4746 995 4791 tua
1012 4735 1069 4790 sola
1092 4734 1235 4790 clementia
1251 4750 1285 4789 cx
1308 4732 1473 4790 Cirristiaois
1492 4734 1651 4806 parentibus
1669 4734 1743 4790 nasci

949 4824 1053 4883 iecisti.
1074 4837 1102 4879 et
1118 4838 1167 4893 per
1181 4838 1279 4892 aquam
1296 4825 1383 4878 saneti
1400 4824 1570 4895 baptismatis
1583 4834 1610 4879 et
1628 4837 1749 4878 renora-

950 4920 1053 4974 tionem
1068 4916 1153 4971 sancti
1166 4914 1283 4985 Spiritus
1294 4916 1328 4971 ab
1339 4917 1516 4986 originalibus
1531 4915 1646 4971 vinculis
1661 4930 1745 4985 expe·

950 5009 1029 5077 disti,
1047 5014 1076 5064 ct
1094 5008 1122 5063 iu
1139 5017 1200 5065 tuos
1218 5009 1372 5081 adoptionis
1395 5010 1464 5065 lilios
1479 5007 1652 5081 aggregasti;
1675 5021 1744 5077 quo-

950 5105 1022 5159 niam
1038 5100 1104 5157 mibi
1127 5109 1227 5157 rectam
1244 5101 1323 5156 iidem
1340 5100 1462 5165 donasti,
1484 5111 1597 5167 eamque
1616 5096 1642 5151 iu
1659 5095 1745 5154 corde

951 5209 1012 5251 mco
1030 5208 1138 5265 semper
1158 5206 1258 5264 augere
1280 5199 1307 5247 ιι
1326 5190 1487 5246 consumare
1505 5187 1630 5257 dignutus
1646 5201 1676 5242 es
1695 5201 1745 5257 per

951 5286 1174 5347 illuminationem
1186 5284 1280 5355 gratia
1291 5291 1353 5344 ιιιιι,
1366 5290 1393 5338 ιι
1407 5297 1454 5352 per
1467 5281 1627 5336 documenta
1641 5287 1744 5338 sancta

952 5379 1047 5435 matris
1061 5376 1203 5442 Ecclesiae3
1220 5376 1387 5444 obsecroque
1405 5381 1442 5437 to,
1459 5371 1584 5435 Uoculae,
1599 5380 1626 5425 et
1643 5370 1744 5442 suppli·

952 5471 1019 5527 citer
1032 5483 1108 5539 rogo,
1123 5466 1226 5540 adauge
1241 5481 1349 5536 semper
1364 5466 1390 5520 in
1407 5479 1449 5518 me
1464 5464 1533 5519 bane
1549 5461 1645 5529 briem,
1661 5461 1744 5518 briem

952 5575 1044 5615 reram
1055 5568 1083 5617 et
1098 5560 1176 5616 iidem
1190 5568 1325 5622 saurtctam,
1338 5556 1501 5613 catbolicam
1514 5564 1543 5611 et
1553 5555 1742 5622 ortlredoxam,

955 5652 1033 5709 iidem
1055 5653 1293 5727 prudentissimam
1312 5659 1339 5708 ιι
1354 5648 1576 5716 ιιιιιιιιιιιιιιιιιι,
1594 5649 1673 5705 bonis
1686 5662 1741 5705 om·
