3690 6008
102 251 152 310 ebt

103 368 157 426 ileo
167 368 324 425 Cbauauacre
337 366 462 436 precibus

103 460 204 514 torruit
216 459 259 512 bic
280 456 421 526 propitius.

139 545 221 599 llarid
241 552 301 612 post
315 550 369 596 tam
385 541 513 596 immania

104 635 353 706 Pteuitnitilapitia,

103 728 138 782 Et
151 735 211 798 post
223 724 327 779 laudari
343 724 442 780 meruit

103 816 159 873 Orc
171 817 254 886 ipsius
269 815 384 869 Domini.

136 907 213 963 Unde
228 922 339 962 securus
355 905 470 970 credidi,

102 1004 122 1056 b
140 1011 311 1072 peccatorum
328 997 444 1054 vinculis

105 1091 147 1146 bie
159 1092 214 1147 cito
230 1105 309 1160 posse
328 1088 397 1152 erni,

106 1189 134 1245 Si
152 1198 178 1241 ιιι
196 1196 301 1241 tautum
316 1184 437 1254 petieris.

141 1275 224 1329 blaler
237 1270 438 1334 misericordiae,

105 1365 151 1418 Sic
166 1362 291 1417 allectum
309 1367 481 1414 contemnere

106 1452 267 1520 Valesfqnm
284 1446 480 1517 vocasimpios,

104 1540 139 1595 Et
148 1554 200 1593 nou
215 1537 321 1607 spernis
334 1532 496 1590 incredulos.

141 1628 209 1694 Quid
225 1627 251 1680 iu
272 1624 353 1679 llaria
371 1622 497 1694 gesseris,

104 1720 178 1776 lllam
191 1719 251 1774 dieo
267 1716 431 1788 AEgyptiam,

106 1812 221 1867 Prorsus
232 1807 307 1863 norit
320 1805 452 1869 Ecclesia,

107 1905 140 1960 Et
148 1903 265 1961 exsultat
279 1903 305 1956 iu
321 1901 418 1972 gratia.

143 1990 308 2060 Tbeophilns
324 1985 430 2042 diabolo

106 2080 162 2136 Suo
176 2082 255 2137 datus
268 2076 461 2147 cbirograpbo,

106 2169 187 2238 Quasi
201 2185 215 2224 a
228 2168 310 2223 londo
323 2167 452 2230 barathri,

105 2257 418 2328 &mmmmm

142 2345 194 2403 Sed
210 2346 270 2417 quis
281 2346 370 2401 uerbis
381 2341 623 2414 corrrpreudcre¹⁷'⁸

107 2437 156 2493 Vel
170 2438 302 2507 scriptura
315 2435 444 2504 dirigere,

106 2527 230 2595 Quotidie
243 2541 310 2596 qrros
326 2524 439 2591 liberas,

107 2617 140 2672 Et
150 2619 204 2673 beo
217 2616 373 2673 reconcilias
386 2615 398 2669 i

141 2707 253 2779 llisjam
266 2708 310 2761 diu
331 2706 515 2777 praemonitus,

106 2791 147 2848 td
160 2804 186 2849 te
197 2793 303 2866 coniugi
314 2794 451 2860 credulus,

104 2871 391 2958 Mmfflfflm,

105 2980 282 3052 Supplex—oro
301 2989 330 3035 ιιι
346 2979 520 3036 diberas¹⁷³⁸.

141 3073 296 3130 Deuotionis
309 3062 445 3145 lacrymas

103 3162 189 3233 Οιιιιιι
207 3165 320 3234 primum
337 3166 403 3220 mibi
425 3165 549 3234 impetra,

105 3249 141 3306 Ut
150 3241 205 3307 sint
214 3251 280 3308 sutis
292 3252 396 3307 idonee

104 3341 177 3396 bleas
192 3342 285 3398 sordes
301 3342 403 3397 eluere.

138 3430 235 3500 Turpis
253 3429 470 3499 concupiscentia

102 3518 206 3589 Corpus
216 3534 265 3574 uec
280 3529 397 3575 mentem
411 3519 524 3590 polluat,

102 3612 168 3682 Qnre
181 3622 227 3668 tua
241 3614 291 3670 sub
311 3615 430 3669 custodia

235 3802 241 3815 '
310 3812 437 3869 ortano
454 3811 522 3868 ιιιι
542 3810 590 3885 [ιι.
610 3811 690 3882 cxli.

261 252 290 309 S.
311 251 461 308 belsebul
482 248 656 305 obstulit.
674 248 832 303 altelllbl‘.
856 247 932 303 OPP.
953 246 1041 302 l‘ntts
1062 248 1091 301 ll.
1107 277 1141 286 ·—
1155 244 1340 300 cauendi.
1362 244 1405 299 ET
1420 243 1543 301 bSCET.

652 364 711 417 latu
724 365 859 433 deputari,
873 363 993 418 domina.

688 455 755 508 Narn
771 454 918 522 Scripturas
928 454 1084 519 auctoritas,

654 547 686 599 Et
701 560 778 600 sacra
789 545 888 601 clamat
899 546 1003 599 ueritas

653 643 757 712 Corpus
773 643 891 713 peccatis
904 641 1050 708 subditum,

654 731 782 788 Sanctum
794 733 871 789 odire
886 735 1023 803 spirltum,

689 820 776 876 Furor
792 831 816 876 et
837 822 987 894 indignatio

654 913 752 969 Procul
766 914 831 968 baut
846 916 880 969 ab
895 916 987 970 antimo

654 1005 739 1071 Quem
752 1003 841 1059 tutelae
855 1005 1033 1060 sanctissima·

653 1095 849 1167 Pracelegit¹⁷¹⁶
860 1096 1040 1152 committere.

690 1186 747 1242 Nou
762 1186 852 1241 odium
870 1194 1012 1255 exasperet

654 1277 787 1334 lactantia
802 1292 855 1332 nou
870 1277 965 1341 elevet,

655 1372 736 1428 Livor
746 1374 813 1428 edax
828 1385 881 1426 non
896 1381 986 1434 acuat,

656 1462 709 1518 Sed
723 1479 776 1532 pax
790 1477 852 1518 vera
868 1463 1013 1533 possideat.

691 1555 829 1618 blondum,
846 1555 869 1610 si
881 1554 951 1609 ridet
965 1553 1066 1623 logium
1083 1570 1090 1614 ;

655 1648 709 1704 Aut
719 1648 742 1702 si
757 1649 842 1709 saevit,
858 1632 1001 1708 irridea'rrn

656 1732 724 1802 Quia
738 1736 784 1804 qui
798 1735 873 1790 illum
887 1733 985 1806 diligit,

655 1808 764 1881 cbristo
783 1834 909 1881 constare
922 1824 1031 1880 desinit.

693 1915 746 1971 Sed
770 1916 890 1970 stttdiosa
904 1915 995 1983 lectio,

657 2004 692 2060 Et
704 2014 864 2073 compuncta
882 2005 980 2070 oratio,

658 2095 857 2151 incumbentem
870 2097 996 2151 exsatiet.

656 2192 689 2247 Et
704 2193 850 2248 baereutem
864 2192 988 2249 inebriet.

691 2281 720 2335 ln
735 2291 760 2336 te
780 2281 878 2338 mentis
896 2282 1033 2347 intuitioni,

657 2371 750 2428 biortis
764 2386 868 2427 versem
888 2371 1021 2437 aculeum,

656 2462 690 2517 Et
702 2464 724 2518 si
740 2471 816 2517 tanto
827 2463 872 2496 Μ’
888 2464 1049 2534 suspectior,

656 2551 762 2619 Quanto
775 2560 866 2609 manet
878 2553 1008 2609 decultior
1017 2554 1073 2605 ¹¹³⁸.

691 2642 772 2714 287
784 2642 806 2699 0
819 2642 893 2711 iesu,
911 2643 967 2699 lior
981 2643 1121 2709 altissimo,

655 2735 749 2794 Olons
762 2736 963 2799 misericordiae,

657 2825 754 2883 llorarn
768 2828 863 2883 ruortis
874 2825 1033 2892 terribilem,

656 2911 708 2966 Pro
718 2926 765 2982 spe
774 2913 842 2967 bona
856 2911 900 2967 lac
913 2910 1032 2968 lat-ilem.

690 3001 792 3058 Secura
807 3003 975 3059 couscientia

655 3093 713 3149 b'ou
727 3093 763 3149 ibi
777 3092 891 3148 multum
910 3094 1026 3165 trepidat

655 3184 722 3239 llam
737 3185 863 3257 spelacta
880 3184 1016 3241 robustior

656 3273 767 3331 llultuur
784 3274 881 3328 transit
895 3273 1073 3330 constantior.

690 3365 747 3421 Nou
764 3365 837 3420 aliud
848 3364 883 3420 sit
895 3366 1032 3436 gaudium,

655 3456 705 3513 llel
720 3473 807 3513 mcum
820 3457 982 3516 desiderium

655 3547 741 3614 Quam
756 3557 785 3602 ut
798 3557 897 3604 exutus
910 3563 1024 3620 corpore

655 3638 714 3694 'libi
729 3640 829 3710 possim
842 3639 981 3697 assistere.

1691 245 1745 303 938

1244 365 1266 418 0
1279 378 1324 417 ros
1339 362 1472 417 coelornm
1485 359 1595 417 iueo'tm.

1207 455 1537 527 Ciressupcruaepatriae,
1566 445 1568 448 ⁴

1207 547 1257 614 Qui
1275 547 1329 602 beo
1343 547 1389 578 ¹⁷¹⁹
1404 546 1537 608 fruimini,

1207 640 1289 695 Nobis
1307 649 1335 694 ct
1349 639 1535 708 compatimini
1556 639 1621 692 Μ.

1243 727 1357 783 bliebael
1372 729 1397 780 in
1412 727 1574 784 celestibus

1206 818 1256 885 Qui
1271 818 1417 888 praelulgcs
1427 818 1601 888 apurinibns,

1207 909 1260 962 Pro
1272 908 1383 978 speciali
1397 909 1493 978 gloria.

1207 1003 1290 1058 liobis
1304 1003 1399 1059 couier
1408 1003 1515 1059 solatia.
1604 999 1606 1002 ’

1242 1094 1335 1163 begali
1350 1109 1418 1164 quos
1428 1094 1605 1165 gravissimae

1206 1186 1302 1241 Cauris
1319 1200 1371 1241 nou
1390 1185 1489 1254 proruit
1504 1185 1636 1252 sarcina,

1207 1273 1288 1330 Orate
1302 1290 1350 1344 pro
1361 1275 1528 1331 bominibus.

1208 1370 1263 1425 Sub
1278 1386 1309 1425 oa
1325 1369 1523 1426 laborantibus.

1242 1463 1360 1519 loannes
1374 1471 1464 1517 vatiam
1478 1463 1620 1526 maxime,

1195 1556 1369 1612 ›Precantum
1388 1555 1468 1610 rerba
1479 1555 1592 1625 excipe,

1208 1643 1242 1698 Et
1253 1641 1444 1711 prophetarum
1460 1655 1613 1696 numerum
1656 1644 1660 1649 '

1207 1730 1248 1785 bd
1260 1730 1311 1783 boc
1325 1728 1411 1783 ascito
1423 1729 1542 1784 socium.

1244 1820 1337 1886 Petro,
1353 1820 1472 1891 piscator
1486 1819 1649 1883 bominum,

1208 1910 1242 1965 Et
1258 1909 1340 1964 Paule
1353 1911 1450 1964 ‹loctor
1463 1910 1591 1979 gentium

1208 1999 1274 2053 Cum
1289 1998 1395 2053 caeteris
1406 1998 1539 2068 apostolis

1208 2087 1365 2161 Opejuratc
1379 2090 1471 2145 celeri.

1244 2180 1379 2250 Stephane
1390 2196 1450 2236 cum
1462 2179 1627 2248 herendo,

1209 2270 1305 2342 blagno
1315 2271 1417 2341 praelati
1430 2273 1540 2338 merito,

1208 2360 1275 2416 Cum
1288 2362 1370 2416 multa
1386 2363 1462 2419 turba
1474 2373 1641 2439 martyrum,

1207 2450 1332 2521 Magnum
1344 2452 1410 2507 ierte
1424 2454 1594 2523 praesidium.

1243 2541 1297 2598 Vos
1309 2544 1478 2599 confessores
1489 2545 1616 2618 inclytos.

1211 2631 1268 2687 lita
1282 2643 1382 2689 aeterun
1396 2635 1526 2703 praeditos
1539 2637 1597 2701 ¹¹⁴¹,

1208 2718 1380 2789 Nequaquam
1391 2719 1591 2786 obliuiscimur,

1208 2809 1261 2866 Sorl
1273 2810 1372 2865 obnixe
1389 2810 1575 2880 deposcimus.

1242 2901 1278 2957 Ut
1288 2902 1334 2971 qni
1345 2916 1394 2971 per
1408 2900 1568 2972 temporalia

1207 2986 1353 3042 Trarrsistis
1367 2996 1395 3041 et
1407 2987 1524 3058 iragilia,

1207 3074 1302 3129 bdbnc
1313 3088 1362 3142 pro
1375 3073 1577 3129 decertantibus

1207 3159 1294 3212 lauto
1313 3159 1419 3214 irretetis
1433 3160 1595 3229 promptius.

1241 3251 1341 3322 Agnes,
1353 3249 1445 3317 Tecla,
1463 3251 1573 3306 Caecilia
1588 3253 1636 3284 ’Ν

1206 3340 1261 3396 Nec
1274 3356 1328 3395 non
1340 3349 1368 3396 et
1379 3341 1563 3410 Scholastica,

1208 3431 1347 3486 biennes
1362 3439 1463 3486 sauctae
1479 3432 1615 3503 virgines.

1193 3536 1194 3540 ¹
1209 3518 1260 3576 l‘ro
1270 3520 1349 3576 nobis
1359 3527 1429 3578 state
1442 3521 1582 3592 supplices
1596 3521 1652 3575 ⁸¹⁸⁸.

900 3817 925 3879 Α
939 3823 988 3880 per
1000 3808 1112 3880 abrupta
1127 3808 1253 3864 vitiorum
1268 3808 1378 3865 deviare
1390 3761 1579 3878 perspexeris,
1592 3824 1640 3880 per
1650 3810 1724 3864 semi·

322 3919 357 3960 to
376 3920 498 3960 ιιιιιιιιιι
516 3920 665 3961 cosroorrn.

135 3994 253 4052 Obsecro
267 4003 304 4061 te,
317 3995 437 4065 angelice
448 3995 569 4065 spiritus,
592 3997 636 4049 cui
665 4009 715 4066 ego
741 3994 775 4048 arl
797 3991 886 4064 pruri-

100 4086 216 4142 deudum
234 4086 393 4142 commissus
407 4103 466 4142 snm
482 4104 497 4143 a
512 4089 576 4153 lieo,
596 4097 626 4143 ut
636 4087 772 4143 custodias
785 4101 828 4142 me
842 4087 885 4143 iu·

99 4175 255 4229 desinenter
267 4183 293 4229 et
304 4183 440 4244 protegas,
457 4178 549 4234 risitcs
563 4187 591 4234 et
603 4178 730 4233 delendas
752 4178 786 4232 ab
812 4177 884 4232 omni

31 4314 32 4318 ,
100 4266 209 4320 incursu
221 4267 318 4321 diaboli
329 4268 483 4336 vigilantem
498 4278 526 4325 et
541 4270 728 4334 dormientem,
748 4277 827 4325 nocte
851 4284 885 4325 ae

99 4357 152 4422 die,
166 4358 383 4413 boriscontinuis
395 4376 426 4416 ac
441 4362 582 4417 momentis
605 4360 717 4416 confore
741 4377 798 4425 mc;
825 4362 885 4416 nbi·

98 4463 204 4517 cunque
217 4450 278 4505 ideo
288 4451 418 4506 comitare
431 4467 548 4507 mecum.
565 4451 697 4522 Repelloa
711 4467 754 4506 me
775 4468 883 4508 ornnem

99 4545 274 4597 tentationem
288 4543 405 4606 Sataure,
420 4553 447 4599 et
460 4544 529 4613 quod
542 4559 601 4599 mea
624 4559 675 4599 uon
693 4545 804 4613 exigunt
827 4558 883 4598 me·

100 4627 164 4692 rita,
181 4629 233 4684 tuis
250 4631 374 4698 precibus
387 4632 478 4687 obtine
504 4635 574 4703 apud
600 4634 883 4689 misericordissimum

96 4717 214 4790 judicem
224 4729 251 4775 et
263 4721 401 4776 bominum
417 4732 547 4790 nostrum,
561 4725 607 4794 qui
622 4733 647 4780 to
671 4725 737 4780 mibi
766 4734 881 4778 tutorem

98 4811 255 4881 assignavit,
268 4823 295 4866 et
310 4827 352 4866 ute
367 4813 412 4867 tibi
428 4816 633 4882 commendavit,
646 4826 676 4871 ut
702 4816 768 4871 nibil
793 4816 819 4870 in
839 4831 882 4871 me

99 4896 149 4957 loci
164 4901 262 4957 babeat
272 4904 416 4960 contrariae
429 4907 535 4962 virtutis
548 4908 682 4963 admistio.
705 4907 826 4978 Cumque
839 4922 882 4962 me

938 3900 1103 3970 tusjustitiae
1116 3900 1150 3956 ad
1164 3901 1370 3972 liedemptorem
1386 3914 1475 3954 meum
1500 3901 1637 3957 reducere
1656 3909 1723 3956 sata·

937 4007 985 4063 gas
1000 4007 1053 4060 me,
1067 4001 1093 4048 et
1105 3993 1131 4047 iu
1149 4007 1308 4062 quacunque
1329 3991 1453 4062 angustia
1474 4006 1520 4047 me
1545 3992 1723 4063 perspexeris,

937 4082 1066 4137 auxilium
1091 4083 1137 4138 liei
1153 4083 1345 4154 omnipotentis
1368 4091 1413 4137 tuo
1438 4080 1552 4137 obtentu
1578 4096 1661 4152 super
1687 4099 1724 4135 mc

936 4185 997 4227 esse
1013 4173 1138 4228 seutiam.
1149 4171 1248 4228 Precor
1258 4188 1331 4244 ergo,
1346 4173 1368 4227 si
1383 4171 1439 4227 lieri
1454 4179 1558 4241 potest,
1582 4181 1615 4227 ut
1638 4181 1723 4227 notrnn

937 4262 1004 4316 mibi
1023 4261 1105 4318 iacias
1121 4261 1200 4318 briem
1219 4278 1318 4329 meum,
1346 4270 1372 4316 et
1388 4277 1449 4317 cum
1480 4263 1514 4317 tle
1534 4262 1591 4317 boc
1618 4276 1724 4331 corpore

936 4352 1048 4411 eductus
1063 4352 1147 4419 luero,
1162 4370 1214 4409 non
1222 4355 1342 4434 dimittas
1351 4354 1484 4423 marianos
1498 4354 1616 4426 spiritus
1629 4343 1724 4410 terrere

940 4459 993 4508 me,
1009 4455 1055 4499 aut
1067 4445 1190 4512 illudere,
1204 4462 1290 4516 ireque
1305 4447 1330 4500 iu
1346 4447 1447 4501 loreum
1464 4447 1667 4516 desperationis
1686 4447 1724 4500 iu·

935 4534 1043 4590 ducere.
1063 4534 1157 4590 Etuou
1171 4536 1405 4606 melerebuquas,
1425 4537 1513 4593 donec
1535 4539 1673 4608 perducas
1695 4536 1724 4591 ad

934 4626 1064 4683 visionem
1078 4627 1231 4683 conditoris
1242 4629 1309 4693 mei,
1322 4629 1366 4683 ulti
1380 4629 1540 4700 perenuiter
1561 4645 1626 4686 cnm
1639 4629 1724 4686 omui·

934 4715 985 4771 bus
1002 4718 1103 4773 sanctis
1115 4728 1161 4773 tuo
1175 4719 1325 4774 interventu
1342 4734 1448 4776 mercar
1459 4718 1563 4787 laetari,
1584 4726 1724 4792 praestaule

936 4806 1048 4863 Dourino
1063 4809 1225 4866 nostrolesu
1240 4811 1357 4866 cbristo.

736 5082 856 5139 vbltlAE
877 5082 1079 5142 Lectiones

132 5255 179 5289 ¹⁷¹⁸
197 5251 234 5306 ll.
250 5252 342 5332 cister.
355 5249 420 5308 Corn
441 5253 590 5334 rebendere
610 5256 651 5309 rel
671 5258 804 5327 scripturn
816 5258 961 5329 diligenter
977 5277 1027 5315 ms.
1045 5261 1110 5315 liet.
1130 5263 1371 5330 comprehenderet
1388 5263 1431 5318 rel
1457 5267 1595 5337 scriptura
1622 5271 1720 5341 digere

97 5335 140 5380 ret
177 5323 275 5376 ¹⁷³⁸ll.
300 5322 394 5377 Castor.
433 5323 562 5378 edideras
577 5341 627 5377 ms.
647 5324 711 5379 Vict.
729 5328 768 5381 vel
785 5328 894 5383 dillcrus
930 5329 1364 5403 dedecoret.praelegitur.
1386 5332 1661 5410 Virtpraeclegi¹⁷¹⁷
1675 5343 1721 5397 lis.

96 5393 191 5448 Cirter.
210 5392 434 5446 Etitttantomc.
457 5392 699 5449 l'icl.etsittanto
750 5397 862 5450 ¹¹³⁸bls.
881 5398 974 5454 Cister.
997 5400 1196 5455 llecnltiorma.
1215 5401 1423 5458 Vlct.occullior
1472 5405 1518 5437 ¹⁷⁸³
1550 5409 1603 5464 Mc.
1632 5411 1720 5467 cister.

95 5462 148 5529 Qui
173 5461 430 5530 beonetsetena
472 5463 582 5517 trrrtlleo
620 5465 665 5495 ¹⁷⁵⁰
693 5465 744 5519 llis.
773 5466 866 5522 dictor.
891 5468 1078 5538 compatimini
1094 5486 1144 5523 mr.
1172 5470 1239 5525 Vict.
1264 5474 1467 5542 compatiamini
1494 5476 1542 5508 ¹⁷⁸¹
1562 5479 1617 5535 Hc.
1634 5479 1722 5536 Cicer.

96 5531 421 5647 turictamgerditosms.
444 5479 510 5586 dict.
540 5533 639 5587 iuricta
664 5533 715 5588 lule
749 5537 856 5589 creditos
894 5538 1227 5596 ¹⁷⁸¹lls.b'r'rtrr.Cceilia
1249 5558 1344 5596 acore.
1373 5542 1439 5597 l'ict-
1460 5544 1575 5615 Cecilia,
1591 5549 1678 5607 Lucia
1696 5562 1723 5605 ac

98 5597 146 5629 ¹⁷³³
166 5597 217 5651 n..

263 5600 308 5651 iet.
329 5601 483 5668 Explieiuut
496 5601 638 5658 Orationes
653 5616 699 5658 seu
741 5606 903 5662 editationcs
923 5606 951 5662 S.
971 5609 1089 5664 briscbui
1102 5611 1528 5685 Carunariensisbrebiepiseopi.
