3690 6008
38 3240 46 3267 ¹·

61 150 85 187 J*

134 193 185 251 tao
383 191 413 249 s.
443 189 594 250 ausuum
615 138 790 247 caurusa.
808 163 966 244 laetatur.
986 184 1061 242 utu.
1076 183 1200 242 ratast.
1214 216 1249 228 -
1265 140 1474 244 oouunrmt.
1717 189 1767 244 uo

142 309 255 367 Uillicile
264 309 401 382 propriam
417 309 520 380 poteris
534 308 692 378 dignoscere
705 305 805 368 uitam,

169 401 220 468 Qui
235 399 432 456 solusdamuas
444 397 572 468 quidquid
586 406 670 467 agnat
682 395 738 450 alii.

137 493 197 548 Utia
212 499 362 546 sectantem
378 489 415 544 nil
432 488 543 558 impedit
556 500 616 542 esse
631 485 784 555 loquacem.

169 582 318 654 Pugnantis
330 581 425 636 uitium
441 579 569 650 plangere
581 577 658 632 nouit
675 576 759 633 iners.

134 673 230 738 Parce,
243 672 336 737 miser,
346 670 449 742 justum
464 682 557 724 morsu
574 666 697 723 lacerare
707 666 825 731 canino;

171 761 227 817 Nee
242 761 320 817 dahis
331 761 430 816 insonti
442 761 513 830 quod
525 773 643 815 nocuere
658 757 732 813 mali.

133 853 260 919 Foedera,
275 855 348 921 lura,
364 850 444 907 tidem
458 852 608 908 contemnit
622 850 713 906 nescia
729 849 798 905 reri.

170 941 233 998 Odit
249 941 389 1012 majorem,
405 956 459 996 non
477 949 552 995 eruat
564 938 608 995 illa
621 955 724 1010 parem.

134 1030 189 1086 llos
202 1030 284 1103 igitur
298 1029 407 1102 quando
419 1029 537 1086 delectet
557 1030 658 1086 habere
672 1030 847 1102 angistrum,

169 1122 219 1189 Qui
236 1136 326 1178 mores
340 1122 480 1178 hominum
497 1123 616 1193 corriget
632 1123 788 1183 indomitos,

129 1210 186 1278 'Qui
198 1211 294 1268 doceat
306 1225 360 1268 non
374 1227 435 1269 esse
449 1212 548 1267 boumn
563 1219 739 1267 contemnere
752 1210 851 1280 legem,

168 1303 220 1373 Qui
241 1304 368 1361 rurandota
381 1304 429 1360 Uei
443 1305 572 1375 praedicet
583 1318 616 1359 ac
627 1304 736 1360 teneat?

133 1396 218 1453 Porro
229 1399 327 1456 timere
342 1399 427 1455 [leura
444 1400 554 1470 quando
567 1414 620 1454 non
635 1398 680 1455 ille
697 1399 842 1455 mouebat?

169 1491 221 1545 hert
235 1490 344 1562 quando
359 1492 440 1547 latuit
451 1491 509 1561 ejus
523 1491 551 1546 in
562 1507 610 1547 ore
622 1491 710 1546 Deus?

134 1579 164 1637 Si
180 1583 253 1637 misit
268 1598 382 1638 racrrum
401 1597 482 1655 quem
493 1583 577 1638 sciret
591 1582 660 1637 velle
674 1581 777 1648 doceri,

169 1671 245 1729 Tunc
254 1674 327 1744 juste
340 1676 429 1744 potuit
442 1674 613 1744 displicuisse
627 1673 675 1729 tihi
690 1691 697 1728 :

136 1762 164 1819 st
176 1766 302 1835 cuiquam
317 1765 429 1821 rerhum
444 1767 478 1821 de
494 1779 523 1821 re
535 1779 696 1836 quacunque
711 1764 812 1836 petenti

146 1838 150 1846 ⁴
168 1853 227 1910 Non
241 1855 334 1910 statim
348 1856 455 1926 plenam
470 1857 585 1911 reddidit
599 1856 657 1926 lpse
668 1857 774 1921 vieem;

134 1943 276 2017 iudignum
295 1947 377 2003 nimis
390 1955 433 2003 est
442 1947 465 2003 si
485 1955 511 2003 te
536 1948 739 2018 reprehendere
751 1945 862 2014 trustra,

169 2035 224 2091 hut
240 2035 313 2091 illum
329 2035 399 2093 laiso
410 2036 587 2109 taragnitlcare
599 2039 692 2094 uelim.

135 2127 233 2184 Verum
249 2131 315 2201 quid
328 2141 425 2188 noceat
439 2147 496 2187 rem
512 2133 534 2186 si
548 2132 719 2202 descripsero
731 2142 854 2204 gestam,

168 2220 234 2285 Quae
246 2235 308 2276 uere
321 2221 448 2275 meritum
459 2221 615 2291 pontificale
625 2223 741 2292 probet?

135 2311 227 2367 llultis
238 2313 337 2384 quippe
348 2311 432 2382 liquet
445 2314 516 2384 qnod
532 2315 605 2384 regia
621 2314 697 2385 jussa
715 2313 844 2369 volebant
878 2372 881 2379 ,

172 2400 207 2458 Ut
217 2401 345 2472 quiddam
361 2401 438 2458 lieret
448 2405 520 2473 quod
536 2404 627 2458 nrinos
641 2418 704 2460 esse
718 2405 819 2460 horrtnn

134 2491 191 2547 Lex
206 2493 296 2548 utrina
308 2491 400 2551 docet.
417 2492 470 2549 seu
482 2492 582 2562 praesttl
595 2494 703 2552 lortlter
715 2495 786 2551 idern

169 2584 291 2651 Restitit,
305 2584 405 2640 etheri
421 2582 559 2640 multoties
573 2586 668 2641 uetuit.

135 2674 212 2733 Unde
223 2680 312 2729 ratum
326 2674 435 2729 tandem
449 2682 586 2746 precepto
597 2674 664 2748 legis
677 2676 793 2732 hahetur

170 2764 312 2832 Quatenus
327 2763 416 2820 exsilii
433 2766 531 2822 dehent
545 2780 606 2823 esse
621 2781 695 2823 reus.

133 2856 204 2924 erid
216 2855 319 2911 laceret
330 2864 391 2927 post
401 2856 460 2912 hac
475 2867 576 2913 sancto
589 2859 729 2929 prudencia
742 2862 860 2920 rncntisl

169 2947 251 3020 Regis
263 2949 298 3004 oh
316 2949 458 3019 imperium
473 2950 659 3019 ‹lespiceretnc
673 2951 777 3007 Uettus?

135 3037 229 3091 llaluit
241 3053 307 3110 ergo
318 3037 377 3094 loeo
387 3039 516 3095 secedere
529 3056 612 3111 quam
628 3042 727 3098 vitioso

168 3129 269 3186 Cotrtra
280 3131 348 3186 uelle
362 3131 410 3187 Uei
423 3131 539 3189 subdere
557 3134 626 3189 colla
643 3134 713 3191 tiro.

83 3269 87 3280 .
133 3220 202 3288 Quid
218 3223 325 3277 ruoror?
338 3222 359 3278 t:
370 3224 459 3292 patria
474 3223 629 3294 depellitur,
644 3227 824 3300 exsiliumque

60 3329 70 3337 ·
170 3315 281 3377 Passus,
297 3315 456 3385 longinquas
466 3317 574 3388 cogitur
585 3318 624 3373 ire
637 3319 707 3375 uias.

135 3403 193 3460 lluc
208 3405 301 3469 semel,
315 3406 366 3460 hoo
379 3405 488 3472 iterum,
501 3406 612 3464 virtutis
625 3423 718 3465 amore
733 3423 857 3478 coactus,

169 3492 287 3549 Felicem
302 3508 418 3565 pugnam
432 3495 529 3552 ducere
545 3501 702 3566 promentia.

135 3585 287 3651 Uenetiam,
301 3586 396 3651 fateor,
408 3587 481 3642 dictu
495 3589 621 3645 mirabile
634 3592 772 3660 quiddam,

122 3730 126 3733 .
171 3676 246 3744 Quod
262 3677 366 3732 titulum
386 3677 471 3733 nostri
483 3679 606 3748 praesulis
624 3681 781 3752 amplilleet.

135 3771 202 3829 llam
220 3773 263 3828 eui
278 3788 330 3828 non
344 3773 449 3843 placeat
462 3775 532 3845 quod
545 3777 669 3846 quamvis
682 3779 788 3852 dignior
802 3794 875 3839 essct

171 3863 302 3921 Utrunihus
314 3879 373 3920 esse
388 3873 478 3921 tamen
495 3867 590 3922 maluit
607 3869 736 3926 inferior?

136 3961 336 4016 lnlcriornerno
351 3974 433 4029 quam
452 3961 578 4016 snlulitus
593 3961 727 4039 inferiori,

171 4052 222 4120 Qui
236 4069 266 4109 se
280 4067 330 4108 nec
341 4053 452 4107 minimo
464 4051 568 4121 judicat
582 4068 642 4109 esse
665 4070 767 4123 parent.

137 4143 184 4199 Sic
195 4145 273 4199 honis
284 4143 328 4199 ille
340 4157 396 4198 sua
409 4143 496 4197 cultor
511 4152 659 4213 custosque
671 4145 776 4211 salutis,

172 4235 242 4301 Qrtot
254 4249 348 4290 servos
362 4233 468 4297 habuit,
484 4241 525 4289 iol
538 4234 661 4290 doratiuos
676 4237 788 4303 ltalutlt,

140 4326 242 4383 Utilius
255 4336 384 4398 reputans
395 4326 533 4398 proprium
547 4328 569 4381 si
581 4327 650 4382 uelle
663 4328 831 4401 relinquens,

172 4418 278 4474 Pronus
292 4418 325 4474 ad
336 4417 448 4475 alterins
459 4426 582 4474 curreret
597 4418 750 4475 arbitrium.

137 4511 210 4566 Laus
225 4512 272 4566 soli
291 4512 414 4578 Domino,
430 4511 463 4567 tle
477 4510 554 4580 errius
568 4525 681 4568 munere
698 4520 781 4568 tantm

173 4602 266 4660 Gratia
283 4603 391 4657 uirtutis
406 4603 480 4658 result
494 4605 520 4657 in
534 4603 607 4658 hunc
622 4602 769 4670 hominem,

139 4695 224 4762 Quem
239 4695 350 4749 laurdare
361 4695 487 4765 pium,dc
503 4707 557 4764 quo
567 4695 726 4772 meminisse
743 4695 862 4752 salubre.

181 4786 249 4839 llam
261 4786 370 4856 pictatis
379 4786 457 4855 opus',
470 4786 572 4840 mentio
584 4786 645 4841 talis
653 4788 717 4842 erit.

140 4871 193 4930 Sed
209 4875 296 4930 hrteor
308 4875 424 4946 culpam,
436 4876 499 4945 quia
508 4891 658 4947 sensusque
675 4894 826 4948 ntartusque

175 4966 239 5032 Quam
253 4967 315 5020 nori
330 4967 424 5022 saltem
440 4968 561 5023 scribere
574 4969 716 5024 deliciunt.

84 5040 89 5045 ”
141 5057 183 5113 lle
194 5074 302 5130 qumque
314 5059 398 5115 tntrlta
409 5061 512 5127 latent,
527 5062 588 5131 quis
600 5062 673 5117 enim
688 5077 718 5116 sc
730 5077 810 5117 nosse
824 5072 931 5131 perterret
1017 5051 1100 5107 Nobis
1112 5068 1221 5124 semper
1232 5054 1285 5110 elil
1297 5054 1425 5124 emerint
1436 5054 1487 5110 iste
1498 5055 1586 5111 dolor·

174 5150 269 5208 Ourrriu
285 5164 345 5219 quae
356 5150 410 5204 vita
424 5159 545 5221 gesserat
559 5151 603 5206 ille
617 5152 685 5207 sual

140 5235 254 5293 Charias
268 5239 312 5294 ille
321 5238 430 5309 quidem
444 5249 519 5294 certa
535 5241 640 5295 ratione
654 5240 762 5296 valebat

175 5328 261 5395 Quam
277 5330 356 5401 plene
369 5331 513 5401 quisquam
523 5346 636 5386 cernere
648 5332 734 5401 possit
750 5335 841 5388 lrrrrrrn.

142 5417 196 5474 Nee
208 5422 412 5492 meritodignus
432 5422 533 5491 privari
546 5422 625 5477 lande
643 5423 750 5478 videtur
767 5465 773 5477 .

177 5512 227 5579 Qui
245 5521 325 5568 latriae
339 5513 438 5568 meruit
451 5514 538 5568 laudis
561 5513 661 5570 hebere
675 5513 765 5568 [idem.

142 5602 212 5673 Quid
225 5617 307 5675 porro
317 5604 426 5661 miraris
438 5618 511 5674 eum,
522 5605 545 5662 si
556 5603 643 5676 plehis
656 5604 756 5674 iniquae

937 303 964 365 A
1012 302 1069 358 Non
1081 303 1267 373 statimpotnit
1281 303 1380 375 pellere
1390 303 1493 374 grande
1508 301 1617 359 scelus?

977 395 1074 449 tt'csinc
1086 395 1191 449 mirari.
1208 395 1278 450 Uerus
1288 405 1330 451 cst
1341 396 1385 465 qui
1395 394 1496 464 judicat
1510 395 1616 451 orhcm.

975 485 1033 541 Non
1045 486 1127 541 lromo
1137 501 1184 541 cor
1198 494 1330 549 nostrum,
1343 485 1391 541 sed
1406 484 1477 541 Deus
1487 485 1546 556 ipse
1558 487 1655 542 trahit.

975 576 1151 648 Corripuisse
1162 576 1275 642 malurn,
1288 577 1331 633 rel
1345 578 1428 633 rerba
1440 577 1548 634 dedisse
1559 578 1656 635 salutis

1011 669 1129 737 Erranti,
1143 670 1243 740 passim
1257 670 1472 742 quisquepotest
1484 669 1644 738 hominum;

976 755 1030 814 Sed
1044 757 1181 828 plantasse
1192 758 1270 826 nihil,
1283 759 1349 813 nilril
1363 767 1405 814 est
1417 757 1537 828 plantata
1560 760 1678 832 rigasse,

1012 850 1180 906 incrementa
1194 851 1245 905 nisi
1256 848 1382 906 conserat
1395 850 1453 921 ipse
1466 851 1546 907 Dens.

976 941 1061 1010 Quem
1076 941 1277 1006 heusindurat,
1293 941 1392 997 nullius
1406 943 1471 997 dura
1487 941 1587 998 levabit
1604 960 1611 995 ε

1012 1032 1121 1104 Absque
1134 1033 1179 1088 Uel
1193 1041 1260 1089 notu
1274 1032 1312 1088 nil
1324 1032 1396 1088 ualet
1412 1032 1606 1090 omnishomo.

975 1126 1056 1181 Arida
1068 1141 1175 1196 semper
1193 1133 1273 1180 erunt
1285 1126 1409 1180 hnmanae
1419 1125 1540 1196 germina
1551 1127 1661 1196 mentis,

1012 1215 1040 1271 si
1055 1231 1110 1271 uon
1129 1231 1191 1270 rore
1204 1231 1253 1271 suo
1264 1215 1402 1287 compluat
1420 1214 1465 1268 illa
1480 1210 1578 1272 Deus‘

977 1305 1102 1380 llic'ergo
1115 1306 1185 1369 talis,
1198 1316 1252 1361 tant
1269 1305 1337 1362 ildrrs
1357 1315 1462 1361 amator
1472 1306 1591 1374 honesti,

1013 1399 1061 1454 llic
1074 1398 1134 1454 fidei
1144 1399 1304 1469 prinecpset
1315 1399 1397 1454 decus
1408 1398 1552 1463 Ecclesiam

977 1490 1027 1546 llie
1041 1490 1112 1545 aries
1125 1490 1240 1561 geminis
1253 1490 1389 1559 depellens
1402 1491 1530 1548 cornibus
1541 1491 1659 1558 hostem,

1014 1579 1062 1634 llic
1075 1579 1138 1634 ritis
1148 1578 1261 1648 palmes,
1279 1578 1323 1634 hie
1337 1580 1535 1649 pietatisodor‚

941 1647 1028 1727 Bllic
1040 1671 1108 1742 lapis
1125 1671 1217 1726 aeterni
1232 1671 1346 1726 rutilans
1360 1672 1386 1727 in
1403 1673 1520 1744 imagine
1532 1673 1625 1743 llegis,
1661 1656 1667 1708 ἶ

1012 1763 1141 1832 Corporis
1153 1762 1266 1817 exortas
1279 1763 1382 1832 grande
1392 1762 1501 1834 reliquit
1511 1779 1591 1819 maus.

977 1855 1034 1911 llcu
1044 1870 1126 1925 quam
1139 1853 1274 1921 llehllitcr,
1288 1868 1370 1924 quam
1389 1855 1476 1910 mrtlto
1493 1854 1552 1911 lusa
1567 1856 1671 1921 dolore,

1012 1947 1159 2002 llenstanti
1176 1941 1271 2002 recolit
1281 1947 1405 2016 praesulia
1416 1949 1577 2019 exsequias!

979 2037 1001 2095 0
1016 2037 1240 2109 quampretiosus
1251 2046 1346 2103 erat,o
1360 2054 1441 2108 quam
1462 2039 1586 2108 pluribus
1596 2040 1687 2096 rutilis!
1700 2040 1772 2111 Ergo

1018 2129 1091 2185 lllius
1103 2128 1202 2199 multos
1221 2139 1349 2199 aggravat
1363 2129 1501 2185 interitus.

977 2217 1052 2274 Felix
1071 2218 1147 2273 ltalia
1166 2231 1223 2286 prae
1234 2218 1340 2273 eunetis
1354 2219 1477 2289 partihns
1489 2220 1574 2286 orbis,

1014 2309 1079 2377 Qum
1095 2310 1194 2365 meruit
1208 2309 1290 2364 talem
1303 2312 1480 2381 progenuisse
1494 2312 1592 2367 niman.

978 2401 1074 2457 lulelirt
1088 2404 1187 2457 iterum
1202 2416 1262 2471 quae
1279 2401 1359 2456 talem
1373 2404 1462 2472 perdit
1477 2403 1626 2469 alumnum,

1014 2494 1110 2551 lnlelix
1125 2493 1204 2564 plane
1214 2494 1335 2565 pignoris
1347 2495 1414 2550 orha
1427 2496 1479 2552 sui.

979 2586 1019 2642 'lu
1033 2602 1140 2657 quoqne
1152 2587 1306 2641 etenohium
1319 2587 1455 2656 quondam
1469 2588 1734 2662 Beeeenserigehas,

1015 2678 1082 2734 llum
1096 2687 1157 2733 tuus
1174 2678 1317 2735 huselmus
1330 2681 1383 2734 dux
1400 2680 1450 2735 luit
1465 2689 1494 2736 et
1505 2683 1664 2738 monachus.

978 2771 1076 2826 Amisit
1090 2780 1207 2826 veterem
1221 2769 1305 2826 unctes
1319 2779 1363 2825 tua
1381 2787 1451 2842 pene
1462 2774 1605 2838 decorem,

1016 2864 1083 2919 Dum
1100 2873 1162 2918 tuus
1175 2861 1319 2917 huselmns
1333 2862 1414 2919 desiit
1425 2877 1486 2919 esse
1497 2863 1592 2919 Pater.

978 2954 1074 3011 Caralis
1091 2965 1118 3011 tu
1131 2953 1265 3026 quondam
1280 2965 1364 3011 totum
1379 2956 1531 3012 veneranda
1545 2972 1595 3028 per
1608 2958 1718 3030 orhem,

1015 3045 1139 3100 Praesttlis
1149 3044 1269 3100 Anselmi
1277 3055 1399 3114 tempore
1411 3045 1487 3115 signa
1498 3046 1593 3103 dnhns.

979 3135 1018 3192 'le
1036 3136 1125 3190 minor
1137 3136 1212 3192 orhis
1225 3144 1300 3201 eran
1321 3136 1436 3208 populus
1455 3145 1498 3192 tna
1512 3137 1583 3193 lema
1606 3153 1655 3209 per
1677 3156 1773 3196 otranno

1013 3228 1104 3283 Fluxit
1118 3229 1205 3283 amica
1218 3228 1306 3294 honis,
1321 3229 1553 3286 invidiosamalis.

979 3316 1018 3373 Te
1035 3318 1195 3383 monachus,
1211 3317 1301 3373 clerus
1321 3318 1492 3389 populusque
1515 3321 1654 3378 docendus
1667 3323 1771 3385 adibat,

1015 3408 1085 3464 Uram
1099 3419 1161 3465 atros
1172 3410 1319 3466 anselmus
1334 3411 1440 3467 vixerat
1455 3413 1499 3468 ille
1510 3412 1607 3469 houm.

980 3499 1037 3556 lion
1054 3510 1113 3555 erat
1127 3500 1155 3554 in
1170 3501 1251 3555 terris
1264 3501 1407 3571 quisquam
1418 3504 1463 3571 qni
1478 3502 1569 3558 dicere
1582 3503 1663 3559 uellet
1680 3521 1688 3556 τ

1015 3590 1057 3646 lle
1068 3591 1156 3646 minor
1173 3589 1318 3647 hoselnrus
1331 3602 1383 3658 est,
1400 3592 1533 3648 similisve
1547 3595 1625 3649 milri.

980 3681 1057 3737 llune
1066 3690 1112 3736 tus
1125 3678 1200 3737 leont
1213 3682 1330 3737 trahitur
1344 3683 1482 3739 scabrosis
1493 3683 1582 3740 obsita
1600 3686 1675 3756 rrrgis
1691 3703 1698 3738 :

981 3771 1058 3828 Nune
1072 3773 1177 3843 patitur
1194 3773 1322 3828 miseram
1336 3776 1429 3830 cervix
1445 3777 1562 3831 demissa
1577 3779 1697 3842 urinam,

1016 3864 1080 3933 Quae
1090 3866 1225 3935 qnondam
1240 3866 1412 3922 celsaeturris
1427 3868 1461 3922 ad
1475 3868 1564 3922 instar
1576 3879 1647 3924 erat.

981 3952 1057 4010 Norae
1070 3956 1171 4010 inculta
1178 3953 1254 4023 iaces
1266 3964 1341 4011 tanto
1355 3957 1464 4012 ritlnata
1482 3968 1603 4027 pastore,

1016 4044 1139 4113 Qurmtus
1151 4061 1229 4100 nemo
1241 4046 1350 4115 quidem
1364 4047 1442 4101 dirus
1459 4047 1485 4103 in
1503 4048 1570 4104 orhe
1584 4058 1695 4111 mouet,

981 4137 1039 4207 ero
1054 4139 1195 4204 moriente,
1209 4137 1291 4194 simul
1302 4139 1442 4210 dispendia
1460 4141 1544 4195 malta
1557 4144 1661 4212 recepit

1021 4229 1149 4285 Ecclesia
1161 4230 1257 4285 matris
1268 4230 1393 4301 religiosa
1407 4229 1484 4286 tides.

943 4300 972 4392 1)⁸
983 4320 1076 4376 llullus
1093 4321 1165 4377 enim
1176 4330 1270 4387 sexos,
1284 4337 1337 4377 non
1348 4330 1416 4377 aetas
1433 4321 1487 4378 ulla
1501 4322 1621 4385 ridetur.

1017 4411 1065 4469 Cui
1078 4413 1187 4468 bonitas
1200 4413 1486 4485 ejuslerreneqnisset
1499 4431 1591 4486 opem

980 4503 1056 4559 Felix
1071 4519 1151 4574 quent
1165 4503 1259 4576 populi
1275 4512 1315 4559 tot
1330 4503 1421 4560 dtrlois
1432 4515 1494 4561 uota
1507 4515 1671 4577 seqmrntur,

1016 4596 1101 4664 Quem
1115 4605 1155 4651 tot
1165 4597 1367 4661 commendant,
1381 4605 1421 4651 tot
1433 4598 1570 4653 redimunt
1585 4597 1722 4670 lacrymae.

982 4686 1074 4742 llultis
1087 4700 1259 4741 communem
1275 4686 1449 4742 morsintulit
1464 4689 1516 4743 ista
1530 4689 1654 4745 dolorem
1674 4708 1681 4745 :

1018 4782 1103 4837 Unius
1112 4795 1192 4836 casus
1206 4781 1312 4851 publica
1326 4796 1408 4851 prena
1425 4781 1485 4836 luit.

981 4871 1051 4940 onitu
1076 4888 1144 4935 nos,
1168 4872 1233 4942 quid
1252 4873 1343 4928 miseri
1371 4872 1567 4929 monachorum
1595 4889 1695 4931 nomen
1725 4876 1769 4931 lm-

1598 4963 1609 5039 [
1624 4965 1734 5021 bentesl

981 5143 1091 5199 Ordinis
1104 5143 1148 5199 ille
1163 5144 1256 5209 decus,
1271 5146 1398 5216 princeps
1411 5155 1441 5201 et
1451 5148 1547 5201 semita
1563 5148 1661 5213 nostri,

1016 5235 1121 5290 Crrrrus
1136 5243 1163 5289 et
1176 5237 1281 5306 auriga,
1296 5249 1393 5309 porum
1407 5247 1436 5292 et
1451 5253 1517 5292 tura
1533 5238 1591 5295 luit.

982 5327 1098 5382 llatima
1110 5342 1173 5397 spes
1186 5330 1249 5384 rite
1261 5330 1338 5386 nobis
1351 5330 1439 5386 evasit
1454 5330 1481 5385 in
1496 5331 1557 5394 illo,

1020 5422 1074 5478 Nee
1091 5432 1216 5494 superest
1228 5425 1352 5496 aliusqui
1371 5427 1407 5483 sit
1421 5427 1446 5482 ei
1463 5427 1573 5492 similis,

984 5515 1034 5582 Qui
1048 5515 1120 5570 reiut
1132 5515 1176 5571 ille
1187 5518 1246 5588 pari
1261 5532 1311 5574 nos
1326 5518 1411 5597 possit
1425 5519 1528 5575 honore
1544 5519 1629 5574 beare

1021 5609 1109 5680 Erigat
1126 5618 1154 5666 et
1171 5619 1295 5678 nostrrrm
1310 5611 1380 5667 sicut
1393 5619 1420 5668 et
1432 5611 1478 5668 ille
1493 5620 1586 5677 captu.
