3690 6008
107 198 151 255 ἰΞΙ
436 204 440 212 ’
834 191 1019 249 ttttttddtt.

107 307 232 378 Quaedam
247 308 370 374 distinxi,
386 320 446 376 qnae
460 306 569 376 dignnm
584 307 705 363 scribere
719 305 795 370 duxi,

106 401 272 456 subnectens
286 398 376 468 operis
391 397 512 467 predicti
527 398 650 453 materiei
670 396 738 468 (tu).

137 490 186 544 Vir
198 488 250 543 luit
265 488 293 542 in
308 502 378 560 pago
394 486 485 542 Pontii
497 487 542 559 qui
553 487 676 558 iungitur
688 486 774 559 bugu,

105 577 189 634 llotus
200 577 316 642 divitiis,
331 578 378 633 sed
393 576 529 631 marcidus
542 576 633 632 ulcere
646 577 749 643 earnis,

104 668 195 725 Servis
209 667 335 735 vallatus,
351 670 398 723 sed
413 667 487 739 lepra
502 668 716 733 contaminatus,

103 760 215 816 Actibus
229 760 286 831 ipse
300 760 378 814 bonis
390 760 518 815 insistens
529 759 702 829 quotidianis,

102 851 223 908 Fletibus
236 851 370 918 admistis,
384 851 510 921 precibus
524 866 586 906 cum
599 851 784 922 multiplicatis

101 938 240 994 Christum
254 939 396 1009 pulsabat,
412 940 554 994 maurinum
570 940 609 996 sic
621 939 785 1012 elllagitabat

101 1032 180 1099 Quod
194 1046 277 1102 super
288 1031 394 1087 allisum
408 1032 531 1103 dignetur
543 1033 653 1089 llecterc
666 1035 769 1099 risum,

86 1102 152 1189 ‘Qui
168 1124 324 1179 mundando
336 1133 426 1179 cutem
440 1125 490 1179 sibi
504 1123 627 1179 conterat
638 1125 696 1195 ipse
710 1126 837 1181 salutent.

101 1213 135 1266 At
151 1214 197 1282 qui
213 1214 361 1269 contritum
377 1229 424 1269 cor
440 1215 553 1285 respicit
564 1224 591 1270 et
601 1214 654 1270 sibi
665 1222 811 1284 structum,

100 1304 187 1374 ipsius
198 1307 292 1377 aegroti
305 1320 358 1360 nou
376 1304 461 1362 deluit
475 1306 625 1372 anxietati,

100 1395 159 1451 lmo
174 1394 228 1450 sibi
246 1396 316 1450 mira
334 1396 461 1452 subvenit
475 1405 502 1450 et
520 1396 609 1451 indice
622 1412 698 1453 cura.

101 1487 128 1541 ln
141 1490 247 1544 somnis
262 1490 345 1560 igitur
358 1490 474 1560 quadam
487 1491 537 1546 sub
551 1498 630 1545 noctc
642 1499 777 1556 monetur,

99 1580 177 1648 Quod
192 1583 216 1638 si
232 1583 288 1652 jam
303 1582 362 1638 lleri
378 1597 459 1638 mnus
472 1582 539 1638 velit
555 1592 637 1653 atque
652 1583 750 1647 rideri,

99 1673 168 1729 ilinc
180 1673 250 1730 bene
265 1689 377 1730 securus
400 1683 492 1746 surgat
511 1673 627 1730 Beccum
640 1674 785 1745 petiturus,

98 1767 189 1837 btqne
205 1767 365 1823 monasterii
380 1766 488 1822 Patrem
504 1767 635 1822 secretius
653 1775 723 1834 oret,

98 1857 234 1914 Omnibus
248 1861 306 1929 ipsc
323 1859 411 1913 modis
425 1859 512 1930 magis
527 1869 688 1930 extorquere
707 1860 820 1925 laboret,

98 1949 177 2017 Quod
191 1949 320 2020 dignetur
333 1964 418 2019 aquas
433 1949 484 2005 sibi
505 1949 631 2006 conterre
646 1950 786 2018 bibendas,

98 2041 191 2095 bblnit
203 2040 275 2096 unde
295 2057 389 2096 triatrus
403 2042 468 2096 dum
492 2043 582 2098 missae
594 2042 717 2097 conciuit
735 2053 821 2097 actus.

98 2129 231 2186 credulus
254 2132 298 2187 ltlc
312 2133 432 2200 monitis,
448 2143 476 2189 et
489 2132 581 2190 lactus
597 2134 700 2189 certior
711 2134 787 2204 ipsis,

98 2221 217 2295 impiger
230 2225 354 2280 ascendit
367 2225 446 2292 illuc,
463 2226 552 2281 sedet
568 2225 641 2280 illico
656 2225 750 2280 tendit.

98 2313 214 2373 indicat.
229 2315 359 2371 Auselmo
372 2316 528 2370 summatim
545 2315 668 2386 suggerit
682 2315 753 2370 almo

97 2405 166 2472 Quae
178 2406 230 2461 sibi
244 2422 293 2478 per
309 2408 395 2463 risum
411 2406 519 2463 lucrant
539 2416 648 2463 ostensa
661 2422 820 2477 supernum.

98 2494 152 2561 Qui
166 2504 300 2565 stupetex
320 2497 410 2552 verbis
423 2497 565 2567 primoque
587 2497 692 2567 repellit
708 2498 813 2553 acerbis

99 2584 230 2653 Vocibus,
243 2596 325 2659 atque
341 2598 434 2644 urouet
448 2604 482 2644 ne
504 2589 601 2645 talibus
620 2590 677 2660 ipse
689 2588 811 2656 laboret,

99 2673 160 2731 lton
176 2693 244 2748 optus
259 2692 318 2733 esse
331 2694 409 2734 suum
432 2687 587 2749 protestans
608 2679 681 2748 qnod
703 2680 770 2751 petit
794 2681 893 2750 ipsum,

100 2763 159 2821 imo
175 2767 318 2822 beatorum
333 2768 379 2838 qui
393 2782 558 2837 praecessere
572 2769 709 2835 virorum3

102 2853 139 2910 Se
156 2866 339 2926 peccatorem,
353 2857 447 2928 procul
464 2858 507 2912 bis
520 2857 566 2913 scd
577 2865 605 2914 ct
620 2857 786 2926 interiorem,

102 2947 210 3020 Quique
226 2964 308 3020 super
322 2951 405 3005 tantis
416 2951 460 3005 bis
476 2950 563 3004 audiri
582 2966 634 3006 nou
651 2961 788 3006 mereatur

102 3039 209 3111 Quippe
222 3041 279 3096 suis
293 3041 378 3112 culpis
388 3042 564 3112 poscentibus
578 3041 751 3112 impediatur.

100 3131 241 3202 armagis
261 3131 288 3186 in
308 3132 435 3202 precibus
449 3131 587 3204 perstabat
608 3133 691 3188 ltumo
715 3133 894 3190 miserandus.

100 3222 192 3278 Altius
207 3222 388 3294 ingeminans,
404 3224 475 3293 qnod
496 3221 581 3280 terret
598 3238 677 3295 opem
691 3225 877 3293 venerandus,

102 3314 158 3370 llec
174 3322 316 3384 pateretur
327 3329 359 3368 ea
376 3312 496 3369 lraudari
511 3330 539 3370 se
554 3314 700 3381 medicina,

103 3401 181 3459 Unde
194 3403 246 3458 sibi
261 3401 376 3458 celerem
393 3402 519 3458 credebat
533 3404 629 3460 adesse
645 3405 788 3461 medelam.

103 3490 153 3548 Vir
167 3492 276 3546 undem
290 3491 408 3560 bantini,
423 3492 588 3549 clamoribus
601 3493 643 3550 bis
658 3494 823 3563 stimulatus,

103 3581 138 3638 tu
152 3598 236 3654 super
249 3581 379 3638 alllictum
396 3581 431 3638 de
446 3597 521 3638 more
536 3598 586 3640 suo
598 3584 756 3652 miseratus,

103 3675 190 3731 intrat
210 3676 238 3731 in
256 3673 410 3743 ecclesiam,
425 3675 553 3746 precibus
570 3678 728 3734 conscendit
744 3678 877 3744 adaram,

104 3762 183 3820 blane
198 3775 342 3836 rogaturus
353 3779 402 3834 pro
413 3779 478 3819 eura
499 3766 621 3836 corporis
636 3766 734 3838 liujus,

108 3851 233 3908 l'estibus
248 3863 329 3924 atquc
348 3854 435 3909 sacris
451 3855 575 3922 indutus,
591 3855 669 3911 miles
688 3865 717 3910 ut
733 3860 827 3922 armis,

105 3941 285 3997 Concelebrat
299 3943 422 4006 missam,
439 3943 551 3997 sednon
569 3944 628 3998 siue
645 3942 751 4000 ictibus
765 3948 860 4016 ipsam.

104 4032 186 4085 dstat
198 4038 226 4085 et
244 4041 373 4102 egrotus,
391 4033 574 4102 prosternitur
592 4033 619 4088 iu
634 4048 715 4103 prece
736 4045 817 4103 totns,

106 4121 196 4179 litans
214 4139 246 4178 et
260 4125 321 4180 imis
336 4125 418 4178 animi
433 4126 577 4195 cordisque
591 4127 725 4193 medullis,

104 4214 165 4272 lam
177 4204 228 4271 sibi
243 4217 406 4286 promissum
419 4215 547 4289 compleri
567 4218 673 4274 coelitus
688 4219 785 4290 ipsum.

106 4311 197 4378 Atque
214 4309 352 4380 mysteriis
365 4310 561 4365 consummatis
576 4314 759 4367 sacrosanctis

106 4402 185 4476 (llira
200 4403 337 4458 relaturus
347 4418 417 4471 sum,
434 4403 501 4457 mira
515 4404 562 4459 sed
577 4404 773 4475 expositurus),

106 4496 214 4566 Accipit
231 4510 247 4550 e
263 4494 389 4551 manibus
402 4495 508 4551 abbatis
520 4510 606 4565 aquas
622 4495 786 4561 sitibundus,

107 4593 190 4659 Queis
201 4590 351 4662 degustatis
365 4591 470 4655 devote,
486 4589 563 4660 queis
576 4588 661 4660 magis
677 4588 791 4656 ltanstis,

108 4683 168 4739 lior
184 4691 277 4753 optata
291 4681 365 4737 salus
382 4681 511 4739 membris
526 4681 676 4736 infunditur
688 4681 757 4751 ejus.
779 4665 783 4671 ’

108 4775 175 4829 Nam
200 4789 265 4830 caru
282 4775 440 4840 mundatur,
459 4788 520 4827 uam
541 4788 638 4843 spurca
654 4774 724 4828 cittis
747 4783 898 4844 reparatur,

108 4866 141 4922 Et
153 4867 193 4921 sic
210 4867 236 4920 in
251 4864 362 4920 laudem
378 4878 562 4933 prorumpens
573 4863 783 4934 omnipotentis,

109 4957 167 5013 lirin
184 4958 277 5012 minus
290 4957 449 5012 urrsctmnm
468 4955 578 5011 tollebat
596 4957 708 5010 uocibus
726 4956 798 5011 altis.

110 5048 195 5115 Quem
209 5047 402 5116 eotrtpescebat
413 5046 454 5100 rir
469 5056 595 5111 sanetus,
608 5061 724 5116 cunrqne
739 5047 865 5101 tuonebat

110 5137 148 5194 lle
160 5138 211 5192 sibi
224 5138 289 5208 quid
302 5137 365 5191 lacti
381 5138 446 5192 velit
460 5138 523 5191 lruie
536 5137 671 5191 ascribere
683 5137 765 5203 tanti,

109 5229 167 5283 lmo
182 5229 238 5284 lieo
251 5229 301 5284 soli
316 5227 451 5298 persolvat
468 5228 556 5282 munia
574 5226 677 5294 landis,

110 5323 200 5392 Aque
219 5321 344 5392 procedit
359 5323 440 5376 totius
453 5335 517 5375 cura
534 5319 639 5375 salutis.

112 5410 224 5467 Talibus
236 5412 396 5480 instructus,
413 5412 477 5467 bine
491 5421 519 5466 et
539 5411 620 5465 nimis
635 5410 811 5477 crltilaratus,

148 5528 204 5601 (ld)
224 5530 255 5583 ln
270 5543 323 5584 ms.
342 5526 435 5584 codice
450 5528 548 5599 regina
564 5524 667 5581 Sueciae
681 5535 785 5580 exstant
797 5526 824 5580 bi
841 5541 901 5580 rcr·

106 5613 160 5687 *sus
177 5601 210 5656 ad
231 5598 334 5656 calcem
348 5597 417 5653 lita
431 5598 460 5655 S.
482 5597 604 5654 llusclmi
628 5597 661 5652 ab
679 5595 812 5654 Eadrnero
838 5613 902 5654 con-

1681 192 1736 252 Μ

910 312 934 370 A
948 307 1062 364 blundus
1077 318 1103 364 et
1116 309 1255 367 incolumis
1272 311 1341 367 redit
1357 311 1390 367 ad
1403 325 1450 365 sna
1466 309 1534 380 pelle
1553 319 1676 368 novatus.

978 397 1110 470 Tempore
1125 417 1178 472 quo
1193 411 1302 458 sanctus
1314 419 1405 459 curam
1421 404 1536 473 pastoris
1553 405 1660 472 agebat,

944 490 1069 560 Etsuper
1081 493 1244 565 Angligenas
1265 497 1398 565 primatus
1413 495 1474 564 jure
1495 495 1611 560 cluebat,

944 581 1069 639 Pluribus
1087 599 1120 638 ex
1133 586 1222 640 causis
1242 587 1267 640 in
1289 587 1363 658 regui
1375 586 1473 641 finibus
1488 587 1556 642 ortis

944 672 1082 744 Praecipne
1097 675 1167 743 regis
1177 673 1323 741 Gnillelmi,
1339 676 1386 730 sed
1399 675 1515 746 junioris

944 762 1044 833 lmpete
1058 765 1161 820 sacritia
1175 766 1278 820 cerebri
1301 767 1447 820 comitante
1463 765 1561 830 mania,

944 853 1081 910 Ecclesias
1095 842 1169 927 regni
1185 872 1237 926 qua
1254 873 1356 912 retans
1372 857 1536 928 diripiendo,

943 946 1001 1002 Nou
1018 957 1076 1002 erat
1089 948 1132 1002 ille
1151 947 1235 1003 Deum
1258 963 1385 1004 reserens
1399 948 1556 1003 hominesve
1570 946 1694 1005 lureudo.

888 1049 895 1064 ·
945 1035 1004 1092 llaec
1022 1053 1110 1108 perse
1123 1038 1250 1109 quonium
1266 1038 1361 1093 sedare
1377 1039 1504 1108 nequibat
1519 1040 1552 1093 ad
1566 1053 1693 1109 unguem,

945 1129 1016 1183 Exiit
1028 1142 1044 1183 c
1058 1129 1128 1184 dulci
1143 1130 1229 1199 patria
1246 1127 1359 1183 nontam
1374 1129 1517 1200 petiturus,

943 1216 1090 1272 Consilium
1104 1218 1203 1273 domini
1218 1232 1293 1287 papae
1308 1233 1389 1288 super
1404 1219 1455 1274 boc
1472 1214 1625 1284 habiturus,

943 1312 1030 1380 llqno
1042 1311 1188 1380 suscipitur
1207 1311 1289 1365 nimio
1305 1318 1460 1380 praeventus
1475 1308 1578 1364 lrortore

944 1402 1026 1458 Urbis
1040 1410 1068 1456 et
1081 1417 1095 1455 a
1117 1411 1172 1456 tota
1185 1411 1330 1456 veneratur
1350 1401 1501 1456 nobilitate.

944 1495 1009 1566 lljns
1024 1496 1050 1549 in
1066 1509 1207 1549 occursum
1225 1508 1352 1564 pompose
1369 1508 1430 1546 uam
1446 1492 1618 1562 properabat,

944 1584 1113 1640 l‘rarsulisad
1130 1585 1197 1638 tanti
1215 1583 1313 1638 lamam
1330 1597 1444 1638 currens
1458 1584 1626 1646 manicabat,

907 1648 930 1707 B
945 1676 1011 1730 Tum
1025 1678 1086 1747 quia
1102 1676 1213 1731 serntttis
1228 1675 1289 1730 illue
1304 1674 1336 1729 de
1354 1675 1476 1744 partibus
1488 1674 1561 1728 orbis

946 1769 1061 1824 Venerat
1079 1769 1102 1822 is
1119 1768 1205 1822 sancti
1223 1776 1349 1837 repetens
1364 1764 1490 1835 sullragia
1506 1763 1589 1827 Petri,

945 1860 1012 1915 Tum
1035 1859 1097 1928 quia
1115 1868 1194 1914 notus
1208 1867 1267 1914 erat
1281 1857 1410 1911 mirandae
1428 1854 1590 1924 relligionis,

944 1950 1057 2007 Actibus
1069 1950 1132 2005 binc
1146 1949 1232 2004 multo
1247 1950 1313 2003 satis
1326 1958 1443 2017 experta·
1458 1945 1581 2000 rationis.

944 2041 994 2096 Ast
1006 2041 1051 2096 ubi
1065 2057 1146 2096 causa
1169 2041 1210 2095 sui
1227 2039 1278 2095 luit
1290 2041 1422 2095 adrentus
1437 2037 1593 2100 tttanilosta,

945 2131 1057 2188 Summo
1069 2131 1191 2204 pontiflci
1205 2146 1253 2201 per
1267 2130 1392 2186 eumdem
1414 2130 1514 2199 qnippe
1529 2127 1624 2191 relata,

946 2226 985 2280 Et
998 2236 1060 2280 tunc
1076 2225 1203 2294 majorem
1217 2223 1268 2278 sibi
1283 2221 1466 2291 praetendebat
1486 2220 1627 2283 bonorem,

947 2314 982 2370 lt't
1000 2314 1090 2370 decuit
1104 2313 1150 2368 tali
1167 2328 1290 2384 persona
1306 2321 1360 2366 tam
1377 2308 1499 2382 speciali.

946 2405 1013 2460 Natu
1033 2406 1152 2460 retinens
1167 2419 1269 2466 secum,
1284 2402 1392 2457 sibimet
1407 2401 1473 2456 lacit
1493 2415 1553 2455 csse
1574 2398 1735 2465 secundum,

947 2495 1060 2550 Actibus
1075 2494 1101 2550 ln
1122 2495 1226 2549 crunctis
1240 2493 1352 2548 secretis
1369 2501 1396 2546 et
1415 2490 1585 2554 manilestis,

947 2586 1032 2656 ipsius
1048 2586 1082 2641 ad
1092 2585 1198 2639 laudem
1212 2581 1409 2654 quamplurima
1425 2596 1495 2650 saepe
1508 2595 1649 2649 perorans,

947 2678 1024 2735 b'uuc
1039 2678 1066 2732 in
1077 2678 1194 2748 prit'ato,
1207 2675 1287 2731 modo
1300 2684 1372 2730 cmtu
1384 2671 1577 2742 multiplicato,

946 2768 992 2826 Sic
1006 2778 1036 2825 ut
1048 2768 1184 2824 multoties
1195 2766 1422 2822 verecundaretur
1440 2765 1467 2819 in
1488 2763 1595 2847 iisdem.

946 2865 1028 2922 Urbis
1045 2880 1109 2920 tero
1124 2864 1202 2932 situs,
1218 2862 1281 2932 qnia
1305 2859 1446 2915 morbidus
1461 2859 1586 2927 ltaudque
1602 2851 1718 2908 salubris

908 2991 929 3049 C
946 2953 1071 3011 Noscitur
1086 2955 1179 3009 aestivo
1195 2953 1245 3007 snb
1263 2959 1393 3020 tempore,
1410 2950 1474 3019 quin
1495 2946 1663 3017 peregrinis,

946 3047 985 3102 Ειι
998 3047 1099 3104 domiui
1115 3061 1190 3117 papae
1211 3058 1346 3100 consensu
1359 3039 1524 3108 consilioque

946 3137 1111 3194 'l'ransiitad
1123 3135 1213 3189 uillam
1227 3149 1286 3203 quac
1306 3129 1412 3185 Sclavia
1432 3126 1548 3190 dicitur,
1565 3141 1591 3178 ιιι
1612 3139 1665 3193 qua

947 3226 1023 3297 Saepe
1038 3225 1205 3297 quiescebat,
1218 3235 1316 3289 corpus
1331 3216 1479 3273 recreando
1493 3213 1613 3271 larebat.

947 3322 1011 3378 ttae
1029 3318 1156 3391 quoniam
1171 3315 1218 3369 alti
1234 3319 1340 3368 constat
1354 3310 1406 3364 sita
1422 3308 1522 3362 montis
1538 3307 1564 3359 itt
1580 3304 1637 3374 ipso

947 3416 1047 3472 Sardor
1062 3413 1124 3467 inde
1139 3410 1229 3472 datur,
1244 3405 1361 3474 cliriqnc
1380 3400 1498 3457 salubris
1522 3398 1648 3460 babetur,

947 3508 1005 3564 Nec
1018 3502 1140 3578 procula
1157 3498 1242 3555 arturis
1261 3494 1390 3551 bonnm
1404 3490 1511 3546 sistitur
1530 3487 1614 3540 urbis.

947 3600 1007 3669 Quo
1020 3595 1109 3653 Patris
1124 3592 1273 3662 adjussum
1293 3586 1430 3642 retneabat
1444 3592 1470 3637 ct
1484 3581 1540 3651 ipse
1556 3577 1721 3647 frequenter,

947 3690 1067 3749 Grandia
1082 3685 1131 3743 scd
1145 3684 1251 3754 quoties
1268 3676 1401 3734 tractabat
1414 3684 1441 3728 ct
1456 3673 1513 3743 ipsc
1531 3677 1666 3740 patenter.

947 3780 1034 3851 lpsius
1049 3787 1077 3832 at
1091 3773 1189 3830 montis
1204 3769 1329 3826 homines
1343 3762 1456 3835 pemtria
1472 3760 1583 3829 grandis

947 3866 1118 3928 Conliciebat
1131 3878 1207 3931 aqum
1219 3860 1275 3927 jam
1288 3856 1417 3924 ternporis
1434 3852 1497 3906 illud
1520 3850 1553 3903 ad
1572 3864 1667 3916 usqne.

948 3959 1025 4027 Quod
1040 3956 1108 4010 bene
1123 3949 1292 4023 perpendens
1312 3944 1391 4015 liuius
1413 3941 1534 3997 custodia
1548 3939 1633 4001 rillm,

948 4051 1060 4118 insuper
1080 4054 1106 4102 et
1124 4043 1208 4098 ritant
1224 4047 1334 4095 sanctus
1355 4049 1436 4104 quam
1458 4032 1575 4086 duxerat
1588 4029 1651 4092 ille,

948 4141 982 4196 Et
996 4139 1058 4210 qnia
1074 4135 1152 4207 plura
1166 4134 1222 4188 suis
1238 4130 1364 4202 precibus
1374 4125 1431 4195 jam
1452 4122 1593 4179 courmoda
1613 4118 1706 4174 multis

948 4225 1113 4285 Praestiterit
1126 4223 1251 4279 dtntstns
1267 4220 1422 4274 morborum
1444 4215 1505 4269 tabe
1521 4211 1649 4284 granatis,

910 4327 936 4386 Ι)
949 4317 1102 4388 Alloquitur
1112 4324 1234 4370 sanctum
1246 4353 1253 4376 ,
1270 4309 1396 4379 precibus
1410 4304 1591 4361 circumvenit
1605 4302 1705 4370 ipsum,

950 4412 985 4466 Ut
999 4411 1105 4481 signare
1119 4407 1207 4462 locum
1222 4402 1295 4472 putei
1312 4401 1438 4472 dignetur
1451 4397 1560 4461 ibidem,

949 4502 1025 4568 Quod
1042 4494 1291 4566 rnagccunvcuiens
1305 4491 1377 4544 latici
1392 4487 1542 4543 decreverit
1553 4487 1633 4561 idom,

951 4594 1048 4647 Dicens
1061 4589 1128 4643 rellc
1140 4601 1218 4640 suum
1235 4582 1303 4647 lore,
1319 4581 1341 4636 si
1355 4579 1410 4649 jam
1431 4580 1500 4632 l'orte
1513 4577 1617 4631 ralercl

949 4685 977 4740 ld
997 4681 1067 4744 lieri,
1081 4671 1396 4750 precibusqnejuvatucu
1412 4672 1483 4726 serre
1497 4670 1618 4738 placeret

950 4773 1026 4840 erod
1040 4787 1092 4824 non
1106 4776 1177 4824 essct
1190 4781 1258 4835 opus
1279 4761 1444 4819 descendere
1458 4759 1537 4815 uallis
1550 4759 1584 4814 ad
1603 4760 1686 4814 imum

950 4863 1071 4931 Gurgitis
1095 4859 1128 4913 ad
1154 4857 1278 4930 lymphas
1305 4853 1463 4909 relcrcndas
1486 4853 1585 4907 montis
1601 4853 1627 4905 in
1645 4850 1738 4905 altum.

951 4954 1040 5010 dualiit
1054 4949 1215 5012 duselmns,
1237 4944 1400 5013 tandemque
1415 4942 1569 5013 precatibus
1585 4942 1642 5010 ejus

950 5045 1061 5107 drittuit,
1075 5051 1102 5095 ct
1118 5040 1210 5094 laudat
1229 5037 1300 5107 quod
1317 5035 1481 5105 disposuisse
1496 5033 1594 5088 latetur
1615 5052 1621 5084 2

950 5135 1159 5205 dsstnuptisqne
1175 5130 1225 5185 sibi
1240 5128 1333 5190 sociis,
1350 5127 1541 5195 rnonncltisqnc
1555 5123 1669 5187 duobus,

952 5228 1024 5283 Enttt
1038 5235 1148 5280 aeturus
1168 5221 1255 5275 luerat
1274 5218 1344 5288 qnml
1359 5231 1429 5286 saepe
1446 5224 1564 5283 rogatus.

952 5322 1004 5376 Sed
1021 5334 1097 5374 triens
1111 5315 1233 5372 sublimis
1245 5324 1303 5367 erat
1316 5313 1416 5367 arduus
1431 5319 1457 5364 ct
1472 5308 1550 5362 nimis
1564 5306 1631 5375 ipsc,

952 5415 1073 5484 Desuper
1084 5421 1111 5465 ct
1124 5425 1204 5480 rupes
1219 5420 1272 5478 quo
1286 5421 1363 5460 ittons
1378 5411 1435 5458 erat
1451 5401 1555 5456 obsitus
1574 5398 1650 5466 lpse;

953 5527 1069 5596 scriptae.
1087 5522 1154 5578 lline
1167 5519 1295 5590 conjicies
1309 5518 1403 5571 borum
1417 5515 1498 5569 ctiam
1510 5528 1635 5570 uersuum
1649 5517 1744 5566 aucto·

956 5613 1012 5654 retu
1029 5594 1112 5651 tuisse
1125 5592 1283 5665 praedictum
1296 5587 1470 5643 Eadmcrum.
