3690 6008
101 229 150 288 tat
652 227 802 286 nostrane
817 226 861 282 er
881 222 1181 281 unrtonrnnones.
1679 228 1732 284 022

101 355 233 400 conseruo
253 356 302 397 sno
316 341 455 397 dimittere
479 342 582 408 noluit;
599 344 636 398 sir
649 353 674 398 et
693 342 775 398 Putes
791 355 892 397 mensa
906 337 1059 411 ,aquisque
1073 353 1166 394 eorum
1188 337 1319 409 magisne
1335 337 1419 406 magis
1434 338 1542 411 purgari
1558 349 1638 410 atque
1653 359 1733 403 mun-

101 432 221 504 quolihet
231 447 264 487 ex
278 432 355 487 robis
369 432 468 487 iterum
478 433 568 504 exiget
583 431 712 503 quidquid
727 430 764 485 illi
778 446 826 502 per
835 443 893 500 pce·
943 426 1001 485 dari
1013 428 1115 501 jugiter
1127 428 1243 501 satagit;
1258 428 1304 484 sed
1319 427 1422 499 impleti
1444 444 1498 486 non
1521 439 1602 486 erunt
1614 446 1645 487 er
1662 443 1733 504 toto,

101 521 241 576 nitentium
261 520 378 588 dimisit;
396 521 441 577 ille
456 520 534 578 tratri
548 537 597 578 suo
611 532 710 578 cuneta
732 536 792 592 quae
815 520 842 577 in
863 534 893 577 se
942 519 995 575 nisi
1008 521 1035 574 in
1050 518 1105 576 bne
1126 518 1228 574 seculi.
1241 518 1316 574 Finis
1330 527 1420 573 tamen
1435 516 1525 574 secuti
1536 528 1578 576 est
1589 520 1734 597 uuicuique

101 613 225 684 peccarit
247 627 280 668 er
304 613 387 670 corde
402 630 456 670 non
471 613 617 669 dimiserit.
641 612 680 669 lta
704 629 753 670 uos
772 610 893 684 singulos
942 613 1010 667 hora
1022 612 1114 667 obitus
1125 611 1178 677 sui,
1190 618 1219 666 ct
1230 610 1277 682 qrri
1288 611 1462 666 mundatusa
1479 612 1734 695 peccatisomnibns

102 708 184 763 Potor
202 725 275 763 meus
290 710 323 763 ad
343 706 477 778 judicium
497 707 651 774 revocabit,
666 716 694 763 et
708 722 769 779 quae
783 705 893 763 miseri·
944 706 969 761 iu
984 706 1059 762 ohitu
1074 721 1123 761 suo
1143 715 1267 775 repertus
1284 702 1381 771 leserit,
1397 703 1496 774 impteti
1515 714 1575 759 sunt
1596 705 1653 761 dies
1670 724 1735 781 pur-

104 799 198 856 cordia
212 797 300 855 flexus
313 800 430 869 primum
444 799 561 864 dimisit,
581 806 703 868 repetet,
718 812 820 868 uosque
843 807 894 852 tor·
943 797 1056 867 potionis
1080 795 1137 868 eius
1160 796 1303 852 secundnm
1318 795 1400 867 legem
1424 795 1519 868 dlopsi.
1536 796 1602 853 Nam
1619 800 1737 870 qrradra·

100 890 201 945 torilrus
213 890 318 962 angelis
330 890 418 946 tradet
430 908 437 945 ε
449 893 471 946 si
488 907 539 945 sorr
554 890 706 945 remiseritis
718 890 893 961 uuusquisque
944 887 1017 958 ginta
1032 888 1128 943 diebus
1142 887 1291 945 seeundum
1311 886 1398 958 legem
1417 887 1495 943 debut
1515 888 1567 944 ista
1589 890 1735 963 purgatio,

55 992 57 994 ·
101 981 179 1052 pratri
193 998 242 1035 seo
265 992 407 1052 peceatum
422 996 502 1039 omne
525 980 597 1052 quod
620 981 648 1037 io
669 996 718 1037 ros
738 981 824 1038 trater
847 981 894 1037 ille
944 988 972 1034 et
1008 978 1242 1052 quadragenarius
1277 994 1407 1035 numerus
1436 980 1479 1036 vel
1514 982 1631 1052 spatium
1664 978 1736 1055 qood

101 1070 256 1138 conrmisitr;
279 1081 306 1127 et
329 1073 480 1127 remiseritis
496 1071 559 1127 illud
575 1088 629 1128 uon
644 1070 828 1139 simulatorie,
846 1071 894 1129 sed
944 1078 985 1124 est
1014 1085 1102 1141 usque
1136 1071 1170 1127 ad
1200 1071 1283 1128 hnem
1315 1072 1431 1139 saculi,
1466 1070 1510 1130 uel
1540 1081 1644 1146 tempos
1675 1074 1737 1132 ritas

101 1163 237 1220 ueraciter
260 1164 292 1218 de
306 1165 431 1219 cordibus
446 1165 555 1229 nestris,
570 1173 601 1219 ut
622 1180 676 1221 nou
691 1172 850 1220 remaneant
866 1163 894 1220 iu
946 1159 1160 1232 uniuscujusque
1182 1171 1306 1219 nostrum
1333 1161 1478 1235 signihcat.
1506 1164 1619 1235 Expleto
1650 1166 1733 1237 igitur

101 1255 184 1311 corde
206 1270 267 1310 curn
292 1255 445 1310 remiseritis
472 1255 622 1312 illudere.
651 1254 711 1311 Noc
734 1264 824 1312 tamen
845 1270 894 1327 per
945 1251 992 1306 tali
1018 1253 1250 1324 quadragenario,
1278 1252 1380 1325 impleti
1413 1262 1492 1309 erunt
1518 1252 1576 1310 dies
1599 1256 1737 1329 purgatio·

105 1349 226 1418 seipsum
241 1347 323 1403 Pater
335 1348 488 1419 lrujnsmodi
500 1348 603 1419 judicia
617 1346 712 1414 faciet,
726 1348 774 1423 sed
787 1363 836 1420 per
848 1347 895 1404 Ei·
945 1343 988 1399 nis
1011 1344 1054 1399 rel
1077 1343 1207 1400 Ecclesiae
1229 1344 1272 1401 nel
1289 1345 1432 1417 cuiuslibet
1443 1342 1590 1417 justornm.
1606 1346 1645 1404 lta
1662 1349 1734 1406 coito

102 1438 169 1495 lium
180 1456 187 1493 :
198 1440 273 1510 quia,
290 1440 359 1496 sicut
373 1440 518 1511 Apostolos
531 1450 658 1506 testatur,
671 1439 806 1496 ludicohit
823 1439 894 1497 lless
944 1435 989 1490 let
1011 1435 1131 1506 ¹0ttttitt1t
1155 1453 1163 1490 τ
1186 1435 1284 1491 Mulier
1297 1439 1320 1492 ti
1343 1449 1460 1509 suscepto
1486 1442 1585 1496 terniue
1608 1442 1737 1515 pepererit

103 1534 206 1587 occultu
218 1532 353 1586 heminton
366 1532 515 1603 perderem
529 1531 662 1588 Christum
683 1531 769 1602 (Rom.
786 1547 822 1598 n,
836 1532 892 1604 lii).
944 1525 1106 1595 oruscuiuu,
1124 1527 1260 1583 imorurtrltr
1280 1529 1329 1584 erit
1348 1540 1445 1601 reptem
1468 1531 1574 1597 diebus,
1585 1535 1666 1603 juxto
1681 1536 1736 1591 dies

102 1620 207 1678 ldcireo
220 1623 252 1677 de
265 1622 387 1676 corditer
409 1624 500 1677 uestris
523 1622 717 1678 remittendum
737 1632 780 1678 est
801 1621 894 1679 hatris
945 1618 1119 1684 separationis
1141 1629 1336 1686 menstruam
1360 1621 1402 1676 die
1423 1633 1513 1678 octauo
1535 1623 1737 1683 circurmideter

102 1719 261 1781 peceatum,
284 1710 347 1781 quia
367 1710 496 1781 indicabit
525 1709 596 1766 Deus
621 1711 723 1766 occulto
741 1710 891 1777 henricum,
910 1682 1103 1779 sstntumutus.
1120 1709 1252 1782 lpsoeero
1267 1712 1376 1783 trigiuto
1389 1713 1480 1768 diebus
1496 1715 1610 1771 oronelit
1625 1716 1652 1771 iu
1673 1734 1736 1773 sorr-

104 1816 139 1857 ne
163 1817 236 1857 nnnc
264 1801 291 1856 in
315 1802 430 1859 occultis
461 1803 583 1860 cordium
620 1811 781 1873 nostrornm
807 1801 895 1859 latere
944 1798 1306 1872 prrioepurifirutionissuoe.
1324 1799 1540 1857 Omnesonrtum
1558 1820 1610 1858 nou
1631 1810 1735 1877 turrpet,

102 1892 169 1949 illud
184 1894 288 1958 rideat,
304 1903 331 1949 et
345 1902 409 1951 tuuc
426 1893 599 1951 marrilestam
614 1908 664 1964 pro
679 1894 731 1949 hoc
742 1892 896 1949 damnatio·
945 1909 992 1947 uec
1013 1892 1175 1962 ingredietur
1193 1894 1391 1958 sonetuorium,
1412 1894 1493 1950 doure
1511 1896 1670 1967 implcurrtsrr
1681 1899 1737 1957 dies

103 2001 166 2043 nem
178 1986 286 2042 inierat.
299 1985 720 2043 Misericordiameteharitatem
729 2000 793 2057 erga
803 1984 895 2055 proxi·
944 1981 1108 2051 purgationis
1131 1982 1189 2054 ejus
1219 1982 1316 2056 (derit.
1338 2000 1396 2050 xn,
1413 1982 1453 2056 a).
1479 1987 1513 2041 Et
1535 2003 1595 2058 que
1618 1998 1659 2046 est
1681 1989 1734 2047 ists

104 2092 178 2131 mum
192 2076 294 2132 hahere
318 2075 492 2143 studeamus,
507 2077 676 2132 remittentes
698 2075 722 2132 ei
739 2076 894 2131 misericor·
945 2072 1052 2138 mulier,
1067 2074 1117 2130 nisi
1135 2075 1283 2131 electorum
1298 2076 1435 2142 Ecclesia,
1461 2079 1502 2137 vel
1527 2080 1736 2151 praedicatorum

104 2165 176 2222 diter
188 2165 259 2238 quod
278 2166 305 2220 in
330 2181 379 2221 nos
400 2166 531 2237 deliquit,
545 2175 574 2222 et
585 2181 653 2236 puro
667 2165 749 2221 corde
763 2165 838 2221 ittnm
853 2165 894 2221 di·
944 2163 1078 2232 persoua?
1093 2160 1157 2219 Haec
1170 2164 1245 2219 enim
1259 2174 1386 2236 suscepto
1397 2166 1474 2223 verbi
1490 2168 1538 2224 liei
1550 2170 1655 2228 semine
1666 2171 1739 2243 parit

102 2253 275 2325 ligentes,ut
309 2264 336 2307 et
359 2268 409 2310 nos
431 2254 548 2310 similem
572 2253 785 2309 vicissitudinem
809 2270 824 2308 a
849 2253 895 2325 pio
944 2250 1203 2315 exeomascuhrm,
1220 2252 1246 2308 id
1261 2263 1303 2309 est
1314 2268 1362 2325 per
1375 2256 1593 2326 praedicationem
1608 2260 1737 2330 spiritua·

100 2345 192 2418 judice
207 2357 300 2402 nostro
314 2362 524 2418 consequamur,
547 2345 594 2418 qni
611 2346 678 2404 vivit
697 2354 726 2402 ct
750 2356 844 2417 regnat
866 2347 892 2404 in
944 2339 1007 2396 litet
1026 2340 1112 2413 gignit
1137 2341 1233 2399 lortem
1257 2352 1285 2400 et
1309 2360 1409 2400 novum
1431 2345 1560 2420 populum
1576 2348 1725 2409 electorum

102 2438 385 2496 munimentorum,
404 2439 504 2496 Arnen.
945 2431 1008 2488 liies
1022 2430 1200 2504 qrradrogiota
1224 2430 1392 2505 purgationis
1414 2434 1489 2507 ejus,
1515 2439 1561 2511 qui
1578 2430 1737 2501 diuiduntur

388 2529 529 2587 ttontttn
553 2528 597 2587 vt,
944 2521 972 2576 io
988 2531 1091 2592 septem
1106 2532 1134 2578 et
1149 2522 1259 2593 triginta
1273 2532 1342 2590 tres,
1357 2524 1379 2580 si
1391 2527 1539 2599 separatim
1554 2540 1736 2601 exponantur,

101 2621 130 2678 ln
149 2638 316 2679 rrsncecrurr
336 2638 474 2680 secaneos
498 2638 585 2679 uuesrs
603 2640 610 2677 :
634 2622 775 2693 Postquam
793 2622 893 2694 impteti
923 2616 925 2621 ’
943 2622 1057 2685 possunt
1074 2613 1110 2669 0b
1128 2612 1362 2671 confirmationem
1377 2616 1419 2674 bis
1431 2617 1548 2690 idipsum
1563 2608 1736 2692 argutione,

137 2724 198 2768 suot
221 2714 277 2768 dies
295 2713 459 2784 purgationis
474 2712 532 2783 ejus
546 2714 688 2768 secuudum
702 2712 784 2784 legem
795 2712 892 2785 dlogsi,
943 2705 1015 2777 quod
1029 2703 1165 2776 conjuncti
1191 2704 1275 2763 semel
1298 2704 1462 2779 signldcant.
1486 2708 1553 2766 Nnnr
1576 2712 1627 2769 ista
1648 2720 1738 2781 mater

136 2805 252 2859 tulerunt
267 2804 341 2858 ilium
356 2803 557 2866 iuterusolem,
574 2813 601 2858 ut
617 2803 737 2858 sisterent
754 2819 812 2856 eunt
836 2802 892 2857 Do·
943 2813 1006 2855 cum
1019 2813 1068 2855 sna
1081 2799 1209 2869 prodeest
1222 2798 1359 2856 immunda
1373 2809 1477 2871 septem
1488 2801 1593 2869 diebus,
1605 2804 1733 2877 quoniam

139 2895 223 2956 mino,
232 2894 298 2949 sicut
310 2895 436 2962 scriptum
449 2904 485 2948 est
497 2892 589 2963 inlege
598 2891 704 2947 Domini
715 2904 725 2944 :
737 2890 806 2959 Quia
817 2907 893 2947 omne
944 2898 1038 2946 sancta
1050 2887 1183 2955 Ecclesia,
1199 2887 1240 2945 uel
1255 2888 1458 2961 praedicantium
1472 2880 1604 2962 persona,
1618 2909 1681 2951 cum
1692 2895 1738 2955 lais

138 2984 312 3039 masculinum
325 2983 479 3052 adoperiens
499 2981 613 3049 culeum,
637 2993 756 3038 sorrctum
780 2981 927 3081 llorrtr'noc
944 2996 1013 3050 orsos
1031 2980 1059 3035 in
1086 2978 1139 3036 nde
1165 2980 1272 3049 genuit,
1293 2996 1346 3036 non
1364 2988 1406 3037 est
1424 2980 1526 3052 absquo
1546 2981 1634 3054 aliqua
1656 2986 1737 3043 sorde

137 3076 281 3131 recutitur.
298 3075 332 3129 Et
343 3073 447 3144 reliqua
463 3074 540 3143 (huc.
555 3090 590 3139 n,
617 3073 674 3144 Ὦ).
944 3071 1047 3142 peceati
1075 3080 1131 3126 toto
1146 3081 1267 3142 tempore
1286 3072 1429 3143 presentis
1444 3070 1525 3139 ritae,
1544 3066 1734 3145 quodseptear

136 3166 299 3223 Praeclaram
326 3166 407 3237 liujus
438 3165 492 3222 diei
518 3165 692 3222 testivitatem
726 3164 894 3222 celebrantes
944 3164 1040 3220 diebus
1057 3163 1154 3235 agitur.
1170 3160 1250 3219 Videt
1275 3165 1347 3219 enim
1375 3156 1456 3218 olium
1471 3163 1552 3236 legem
1572 3166 1600 3222 in
1614 3152 1736 3223 membris

102 3259 272 3330 gratulemur
285 3273 368 3329 super
390 3257 533 3315 benchciis
556 3259 584 3314 in
608 3273 641 3315 ca
663 3258 743 3315 nobis
765 3257 897 3332 diuinitus
944 3255 1001 3312 suis
1012 3264 1195 3326 repugnantem
1210 3253 1260 3329 legi
1276 3255 1369 3309 merrfis
1389 3250 1445 3311 snae
1458 3253 1546 3329 (Rom.
1562 3273 1618 3324 nrt,
1631 3258 1688 3331 at).
1702 3260 1737 3317 Et

101 3349 250 3405 concessis.
264 3347 332 3403 llam
346 3362 433 3419 neque
446 3347 545 3420 Virgo,
558 3364 618 3420 quae
629 3348 664 3406 dc
675 3359 773 3406 sancto
787 3348 892 3420 Spiritu
944 3346 1007 3403 inde
1022 3354 1113 3401 manet
1128 3347 1279 3412 immundo,
1289 3345 1370 3417 iusto
1394 3346 1450 3403 dies
1468 3338 1641 3419 seperstimris
1660 3367 1735 3407 oreo·

102 3438 249 3508 concipere
261 3437 341 3508 digna
355 3437 419 3506 luit;
433 3434 520 3509 oequ'e
531 3437 626 3505 l'ilius,
641 3455 721 3511 quem
737 3440 775 3496 ita
788 3439 893 3512 genuit,
943 3449 1048 3494 strue:
1066 3439 1129 3508 quia
1143 3439 1213 3494 sicut
1236 3447 1374 3494 menstrua
1398 3449 1541 3511 separatur
1561 3456 1576 3497 a
1602 3455 1736 3501 conventu

102 3529 265 3600 purgatione
293 3529 409 3600 indiguit
434 3546 441 3583 a
466 3529 515 3584 sed
547 3530 575 3585 in
608 3545 703 3586 eorum
733 3532 895 3604 purgatione
943 3532 1105 3587 nurndornm
1128 3532 1156 3586 in
1179 3531 1274 3587 diebus
1294 3531 1558 3603 immunditiaesuae,
1577 3535 1619 3592 sie
1640 3544 1668 3593 et
1684 3538 1736 3595 ista

102 3628 224 3674 nostram
243 3618 431 3689 purgationem
443 3619 517 3679 Dens
530 3620 692 3690 praeparauit
710 3636 742 3675 ac
768 3622 893 3694 preehgu-
943 3631 1111 3692 separatura
1128 3631 1263 3680 corruente
1277 3623 1435 3694 angelorum
1455 3625 1483 3681 in
1503 3627 1597 3685 dicbus
1613 3630 1736 3687 troenti-

104 3708 188 3774 rarit,
203 3708 249 3778 qui
265 3706 357 3762 multis
372 3707 499 3763 sordibus
514 3707 607 3764 intecti
623 3708 780 3764 mnltimoda
796 3726 894 3781 pnrga-
944 3713 1007 3767 tatis
1019 3726 1084 3766 snae.
1096 3711 1313 3769 llenstruaenim
1326 3713 1413 3771 aliena
1425 3730 1506 3771 carne
1518 3733 1571 3775 non
1584 3702 1665 3791 1⁸70
1678 3729 1737 3777 urs·

106 3797 180 3853 tione
194 3796 355 3866 indigemus.
372 3796 437 3864 Quae
452 3796 535 3868 igitur
548 3797 581 3853 de
594 3798 709 3854 [turnino
724 3814 794 3854 nunc
805 3800 893 3855 histo·
944 3799 1033 3869 gitur,
1045 3800 1092 3855 sed
1105 3798 1178 3855 doru
1193 3800 1369 3857 immunditiae
1380 3818 1436 3859 sua
1451 3804 1597 3874 polluitur;
1612 3816 1641 3863 et
1651 3809 1737 3883 signi-

103 3889 209 3946 rialiter
222 3890 248 3944 in
268 3889 424 3960 evangelicu
443 3889 558 3946 lectione
580 3899 736 3954 narrantur,
760 3892 793 3946 de
815 3892 894 3948 nobis
944 3891 1009 3945 hcat
1025 3890 1145 3946 arrimam
1163 3905 1223 3961 quae
1244 3907 1297 3948 noo
1324 3902 1402 3961 actu,
1423 3895 1471 3951 sed
1490 3897 1608 3967 cogitatu
1625 3899 1737 3957 sordido

103 3982 284 4053 spiritualiter
294 3982 569 4054 intelliganturrqnia
580 3983 601 4039 si
613 3983 733 4038 membra
744 3983 894 4057 reloorpus
945 3979 1060 4037 latenter
1075 3981 1242 4050 iooulnatur.
1265 3981 1312 4039 Sic
1326 3992 1354 4040 et
1370 3993 1526 4040 sanctornm
1539 3985 1679 4057 Ecclesia,
1693 3990 1736 4054 rei

104 4075 162 4147 ejus
175 4089 280 4139 snmus,
293 4074 350 4144 ipse
363 4074 389 4129 in
403 4073 663 4145 nobises13etquae
677 4072 800 4130 danobis
814 4073 893 4142 hient,
943 4070 1029 4127 electa
1040 4071 1146 4140 anima,
1163 4076 1225 4129 dum
1241 4074 1268 4130 in
1283 4091 1366 4132 carne
1388 4077 1491 4147 peccati
1513 4079 1597 4146 ririt;
1610 4082 1736 4152 quamtis

101 4176 130 4222 ct
142 4167 176 4222 de
188 4166 233 4221 iilo
244 4174 317 4221 reete
329 4164 388 4220 lieri
400 4166 539 4220 dicuntur.
552 4163 619 4218 Nam
631 4173 659 4219 et
669 4180 769 4234 eorpus
779 4163 893 4234 Christi,
944 4176 997 4217 non
1010 4177 1105 4232 opere,
1123 4173 1211 4221 tamen
1222 4167 1386 4239 cogitatione
1402 4171 1506 4240 peccati
1520 4171 1658 4231 nrultoties
1673 4189 1735 4233 sor·

103 4259 175 4329 quod
197 4267 240 4314 est
264 4255 400 4321 Ecclesia,
416 4265 531 4313 uocatur
553 4256 695 4322 Christus,
710 4256 839 4328 hpostolo
851 4257 893 4313 di·
943 4254 1104 4323 didatnr;et
1116 4259 1176 4314 ideo
1187 4259 1329 4319 beatorum
1340 4261 1635 4334 socictateangeloruru
1647 4267 1737 4325 adhne

102 4357 181 4403 cente
207 4365 214 4402 :
240 4346 316 4401 Sicut
337 4363 431 4416 corpus
451 4363 533 4401 uuuru
554 4358 614 4408 ert,
636 4357 660 4401 et
678 4348 793 4402 membro
814 4347 890 4403 hodet
906 4363 929 4424 ῃ
943 4347 1212 4419 indigoajudieatur.
1233 4351 1352 4407 Oetaeos
1369 4359 1461 4408 autem
1480 4355 1556 4419 dies,
1571 4356 1599 4411 in
1614 4370 1666 4425 qrro
1681 4356 1735 4413 eir-

102 4441 201 4507 orulto,·
234 4443 323 4497 omorio
347 4449 434 4494 autern
463 4440 578 4495 membro
605 4442 739 4509 corporis,
760 4457 819 4494 cnm
838 4442 890 4497 aiot
943 4440 1104 4495 cumciditnr
1121 4440 1284 4509 infantulus,
1305 4442 1363 4497 dies
1377 4455 1421 4503 est
1432 4444 1622 4516 baptismatis,
1638 4447 1665 4502 in
1679 4464 1735 4519 qtro

102 4534 200 4600 multu,
216 4550 297 4588 uuum
311 4550 406 4603 eorpus
426 4541 486 4588 suut
508 4548 518 4586 .·
536 4533 572 4586 ito
588 4543 612 4587 et
635 4531 754 4587 Christus
779 4531 805 4603 (l
827 4531 890 4587 Cor.
942 4531 1094 4603 treophytns
1112 4534 1226 4603 quisque
1253 4532 1370 4589 exuritur·
1387 4536 1448 4591 hrhe
1465 4537 1560 4606 primm
1577 4539 1736 4610 generatio·

101 4642 156 4693 ιιι,
175 4629 228 4697 til.
246 4626 324 4684 Unde
338 4638 412 4698 patet
424 4628 487 4697 qnia
498 4625 577 4682 simul
590 4626 710 4682 uniuersi
727 4625 890 4682 hdeleseum
942 4622 1001 4688 nis,
1028 4635 1056 4679 et
1070 4625 1221 4681 ascendens
1239 4624 1272 4681 de
1290 4624 1400 4681 hracro
1412 4613 1596 4702 lit'particeps
1613 4645 1735 4689 resurre-

101 4721 193 4792 capite
206 4735 256 4775 suo
279 4728 343 4774 sunt
363 4717 504 4785 Christus,
519 4718 591 4788 ntrod
612 4727 640 4773 ct
661 4732 696 4773 ex
719 4717 811 4771 multis
830 4717 891 4774 aliis
941 4714 1038 4769 ctioois
1057 4713 1172 4780 Christi,
1189 4729 1248 4783 quac
1262 4715 1306 4771 die
1320 4725 1417 4773 octaro
1429 4719 1558 4775 mundum
1576 4719 1733 4777 illustrarit.

103 4812 305 4882 Scripturarum
329 4810 396 4866 loeis
416 4810 525 4878 probari
557 4817 658 4878 potest.
685 4808 752 4864 Cum
775 4823 840 4880 ergo
858 4808 891 4865 de
941 4804 1009 4859 liam
1022 4814 1165 4876 propterea
1178 4806 1249 4861 diem
1262 4816 1401 4874 ocmnrnn,
1413 4810 1732 4882 qrroparrnluscircunt·

100 4902 262 4973 purgatione
284 4900 384 4956 Christi
404 4900 551 4970 loquimur,
568 4901 603 4956 ad
619 4899 691 4955 illam
704 4900 764 4969 eins
785 4907 890 4970 partem
941 4899 1056 4964 ciditur,
1073 4915 1126 4957 non
1145 4900 1179 4954 ad
1203 4909 1308 4971 tempus
1329 4911 1437 4958 aterum
1454 4905 1660 4962 resurrectionis
1673 4920 1732 4961 ora·

100 5007 161 5061 gun
177 4992 340 5062 purgatione
350 4991 451 5062 indiget
464 4990 625 5056 reseramus,
638 4992 664 5046 id
679 5000 721 5046 est
732 4991 765 5046 ad
780 5005 889 5059 eorpus.
940 4991 1035 5057 nium,
1056 4992 1102 5048 sed
1117 4992 1150 5047 ad
1165 4993 1391 5051 resurrectionem
1404 4994 1523 5060 Christi,
1539 4995 1565 5050 id
1577 5005 1621 5051 est
1633 4994 1668 5051 ad
1683 4994 1732 5051 ba»

100 5081 195 5153 ltaque
209 5082 251 5137 rel
274 5085 308 5138 ad
323 5098 436 5152 eorpus,
461 5080 503 5136 rel
525 5083 559 5137 ad
576 5083 714 5152 grrodlihet
738 5082 890 5136 orernbrnor
940 5082 1067 5151 ptisrnmn
1081 5078 1223 5151 euirtslibet
1236 5084 1321 5139 nostri
1336 5082 1498 5147 retulimns;
1513 5084 1578 5154 guia
1594 5084 1650 5152 ipse
1665 5098 1730 5152 par-

98 5171 158 5240 ejus
179 5173 292 5243 mystice
308 5172 442 5228 reseratur
465 5174 536 5242 qrrod
558 5188 629 5227 outre
655 5171 833 5227 historialiter
857 5169 891 5226 do
939 5169 1026 5234 rnlus,
1034 5177 1176 5240 postquam
1187 5179 1246 5226 crat
1256 5173 1514 5238 circumcisos,uun
1528 5172 1730 5243 ingrediebatur

98 5262 399 5335 capitelegiturzquin
415 5275 551 5334 postquem
567 5263 667 5331 impleti
681 5274 741 5316 snm
764 5263 891 5332 diespar·
940 5261 1123 5317 sanctuarium
1161 5263 1213 5319 nisi
1237 5263 1355 5334 impletis
1376 5264 1473 5319 diebus
1494 5262 1606 5332 triginta
1626 5264 1729 5332 tributa
1770 5316 1773 5321 ,

97 5354 210 5425 potionis
225 5358 281 5426 ejus
291 5358 432 5411 serrandum
444 5355 525 5426 lepern
538 5355 634 5424 llopsi,
648 5354 762 5408 tulerunt
775 5355 849 5409 illum
862 5356 891 5410 irs
940 5353 1010 5409 sicut
1025 5361 1054 5408 et
1073 5355 1258 5429 uonpgmsqtte
1279 5362 1417 5416 uestrum,
1433 5353 1496 5410 lieet
1510 5353 1546 5408 sit
1557 5351 1729 5424 baptisatus,

97 5445 261 5514 irradient,
278 5448 505 5503 utsirterenteum
518 5446 638 5501 homino.
658 5444 722 5499 tries
736 5446 811 5499 enim
826 5461 891 5516 pur·
939 5460 993 5501 noo
1019 5453 1107 5502 tameo
1133 5462 1257 5520 superare
1279 5444 1453 5504 beatitudinis
1475 5444 1602 5516 templum
1623 5446 1728 5519 hsgredi

97 5537 215 5609 gationis
224 5538 314 5610 populi
325 5538 446 5595 tretium
459 5536 502 5593 rel
515 5537 656 5604 Ecclesia,
668 5537 694 5593 id
707 5546 750 5593 est
768 5534 891 5608 eorporis
939 5537 1020 5603 valet,
1031 5538 1082 5595 nisi
1094 5539 1207 5597 decurso
1221 5537 1393 5595 mortahtatis
1407 5539 1468 5595 ritae
1481 5539 1580 5609 spatio,
1595 5539 1665 5610 qrrod
1681 5553 1728 5610 per

97 5630 214 5702 Christi,
240 5632 385 5703 implentur
406 5629 515 5702 quidem
538 5632 679 5702 quotidie,
704 5629 768 5686 dum
803 5644 890 5688 unus
939 5628 998 5687 dies
1012 5630 1122 5698 triginta
1139 5640 1196 5687 tres
1217 5627 1383 5702 designatur.
1397 5626 1564 5687 Totusenim
1577 5630 1729 5688 bicouuro·
