3690 6008
72 274 141 330 1057

72 392 94 444 lt
110 399 214 441 summu
227 383 308 437 Patre
318 379 449 449 petritum,

72 483 125 537 Per
139 481 197 534 bac
209 488 253 532 tua
269 490 318 529 nos
335 472 443 535 merita,

73 570 181 639 Alupsu
197 565 293 621 mortis
309 563 402 617 libera.

107 660 199 717 Gloria
220 655 268 712 tibi
286 654 409 717 Domine,
423 662 476 705 cte.

249 745 290 800 dd
306 752 417 798 sextam.

108 842 176 896 Nate
191 850 296 895 summo
306 849 354 890 rex
371 842 446 888 utero

74 930 166 986 liariar
181 928 215 983 de
228 924 365 996 Virginea,

73 1021 197 1078 Emuuda
217 1033 295 1075 nosa
314 1014 397 1075 uitiis,

75 1117 109 1170 Et
125 1128 192 1167 orna
211 1109 312 1166 sanctis
327 1103 440 1160 meritis.

109 1204 155 1259 bei
168 1208 263 1263 mater,
282 1212 298 1252 o
313 1194 433 1256 domim,

76 1296 204 1354 Sublimis
221 1300 293 1348 tanta
314 1288 416 1362 gratim

76 1385 143 1449 Tuta,
166 1382 218 1445 lac,
233 1377 371 1435 exaltatio.

76 1475 118 1530 Sit
135 1481 228 1530 nostra
247 1466 386 1523 relevatio.

111 1560 203 1616 Gloria
218 1555 275 1618 tibi,
290 1562 344 1609 etc.

255 1642 295 1697 nd
315 1657 420 1696 nonam.

112 1737 162 1792 Fili
177 1733 268 1790 biario}
286 1730 408 1802 virginis,

78 1832 116 1886 Da
132 1827 210 1884 nobis
227 1825 286 1895 ejus
299 1821 403 1877 riseritis

78 1925 100 1977 lt
115 1921 233 1993 peccatis
247 1927 402 1984 resurgere,

79 2013 113 2067 lit
123 2013 156 2066 ad
169 2010 251 2065 uitam
263 2005 427 2077 pertingere.

114 2101 196 2171 Cujus
207 2114 236 2154 es
256 2098 341 2152 lactus
357 2093 438 2158 lulius,

81 2195 162 2259 lleus,
176 2207 224 2263 pro
246 2185 459 2261 peccatoribus„

82 2284 138 2339 lloc
153 2283 198 2353 qui
219 2279 270 2334 lude
287 2273 474 2348 pronuntiant,

82 2375 137 2429 Fae
150 2382 179 2427 ut
192 2370 306 2427 salutern
321 2365 450 2422 sentiant.

119 2465 209 2519 Gloria
223 2461 283 2525 tibi,
299 2468 354 2514 etc.

256 2552 297 2607 au
315 2564 444 2620 vesperos.

117 2648 163 2705 Sol
178 2657 254 2703 casto
271 2657 385 2699 nascens
397 2648 487 2704 utero,

83 2747 296 2812 vesperascente
315 2733 423 2798 saeculn,

83 2838 188 2892 illustra
202 2847 251 2887 nos
267 2836 406 2901 perpetue,

86 2929 270 2988 beatudines
285 2926 312 2980 in
330 2934 452 2991 uespere.

123 3021 228 3078 AEterui
241 3017 307 3074 solis
318 3011 445 3087 genitrix,

83 3114 149 3168 Turis
163 3112 215 3166 truc
234 3107 338 3164 sanctis
351 3101 455 3160 meritis

85 3205 141 3272 lige
156 3216 209 3272 qno
220 3212 317 3269 perpes
333 3200 442 3249 maneat

87 3289 181 3351 Nobis,
202 3303 251 3341 nec
272 3297 390 3354 trnqrram
409 3275 524 3335 decidat.

123 3378 213 3435 Gloria
231 3375 287 3437 tibi,
303 3383 356 3429 etc.

207 3489 248 3541 dd
266 3484 472 3552 corripietorium.

121 3597 159 3652 lle
170 3604 244 3651 casta
255 3592 334 3646 nobis
344 3589 436 3644 oriens

88 3690 173 3744 llatre
196 3686 253 3742 dies
270 3683 436 3745 indesinens,

87 3781 147 3851 iugi
163 3792 212 3833 nos
228 3777 287 3831 lore
302 3773 413 3837 lumine,

88 3872 233 3944 Gulpaque
248 3877 356 3925 noctem
371 3879 491 3922 tentore.

124 3960 209 4015 blater
223 3958 276 4014 dici
289 3954 422 4028 perpetis,

88 4053 195 4110 Obsistc
209 4051 308 4107 uentris
321 4049 453 4113 tenebris,

90 4145 129 4199 Ne
142 4144 228 4199 lucem
244 4142 322 4197 nobis
339 4143 480 4212 dissipent,

91 4234 124 4287 Et
136 4247 185 4287 nus
203 4230 308 4286 delictis
317 4224 465 4300 implicent.

126 4322 219 4379 Gloria
233 4320 290 4387 tibi,
306 4326 360 4375 etc.

92 4458 224 4513 Salutaris
244 4453 440 4526 deprecatorio,
456 4463 517 4508 ante
531 4450 611 4508 Prol-

125 4531 219 4583 teriunr
233 4529 314 4581 bentoe
328 4522 443 4594 l'irqinir
453 4523 575 4578 dicendo.

127 4635 206 4690 Salve
220 4632 322 4704 liegina
346 4639 434 4685 mater
457 4630 612 4686 misericor·

534 259 642 317 tttltb't
660 258 703 314 ET
723 254 947 314 Pssbrunltttt
966 254 1010 311 DE
1030 253 1060 309 S.
1075 250 1194 308 bault.

666 388 831 429 usturemux
857 385 966 426 norrun
990 381 1100 423 uosrnrs

817 463 894 536 (rues
910 463 946 534 r).

661 558 716 613 lire
727 566 815 613 ruater
830 556 966 621 advocati,

626 651 676 719 out
693 654 789 708 beatus
808 652 933 716 consilio,

627 744 693 799 duria
714 745 816 801 uentris
835 744 985 814 incorrupti

627 837 763 895 Processit
781 847 811 893 ut
825 853 859 894 ex
875 837 1005 893 thalamo.

662 929 759 984 Beatus
774 932 813 984 uir
828 929 874 1000 prii
890 945 942 984 nou
960 930 1036 996 abiit,
1055 940 1108 984 ete.

662 1019 718 1074 dre
734 1029 833 1085 rnater,
846 1016 924 1089 cujus
938 1028 1034 1088 partus

627 1106 775 1163 Postulavit
791 1106 1005 1177 DeumPatrem,

630 1198 787 1270 Etacccpit,
801 1214 870 1270 quas
887 1200 1012 1267 redemit,

628 1287 730 1345 Gentes
744 1289 771 1344 in
789 1290 987 1345 haereditatem.

792 1375 915 1444 Postula,
930 1387 984 1433 etc.

665 1466 721 1520 dre
735 1475 832 1533 mater,
843 1465 920 1536 cujus
932 1476 1024 1537 partus

630 1552 812 1610 Obdormicns
825 1554 965 1626 patiendo,

633 1645 661 1699 ln
676 1646 801 1716 sepulcro
819 1655 973 1718 soporatus,

632 1737 743 1794 llortcm
758 1740 823 1795 uicit
837 1740 1014 1811 resurgendo.

666 1829 756 1885 Gloria
776 1831 834 1896 tibi,
846 1838 900 1887 etc.

753 1919 810 1990 Epo
826 1919 951 1986 domrisr',
966 1928 1019 1975 etc.

664 2010 720 2065 lire
734 2018 833 2073 mater,
848 2007 925 2078 cuijus
936 2017 1031 2079 partus

629 2099 711 2156 Nobis
722 2101 796 2155 dedis
815 2100 995 2172 insanguine,

632 2192 665 2247 llt
682 2193 803 2262 signetur
819 2191 971 2262 baptizatus

631 2282 907 2338 Dirirritatisluminc.

665 2374 758 2431 Gloria
773 2374 832 2441 tibi,
852 2381 906 2431 ete.

757 2461 896 2534 Sipuotxst
906 2473 954 2529 ert,
967 2471 1019 2518 etc.

667 2556 724 2611 Are
734 2563 833 2621 mater,
846 2554 922 2627 cujus
932 2570 981 2610 nos
993 2553 1064 2629 filius

635 2651 717 2706 Scuto
738 2650 815 2705 bonae
830 2650 977 2708 uoluntatis

634 2742 724 2798 induit
735 2741 877 2812 propitios,

635 2834 690 2889 lnrx
703 2835 843 2891 immensae
857 2833 1016 2905 malestatis.

769 2925 851 2982 Scuto
864 2925 950 2992 bone,
965 2935 1018 2982 etc.

671 3016 728 3069 dre
741 3016 855 3071 tirronus
873 3016 996 3082 Deitatis,

637 3108 665 3165 ln
681 3127 733 3181 quo
748 3111 817 3165 licus
832 3111 980 3181 majestatis

640 3204 770 3275 Dignatur
785 3203 867 3258 bomo
881 3202 950 3257 lieri.

675 3384 751 3442 Unde
764 3396 872 3442 nostras
884 3385 990 3441 animas

639 3477 743 3548 Eripuit
756 3478 782 3532 in
793 3479 899 3547 gratia3

639 3568 673 3622 Et
686 3585 754 3639 qrras
765 3569 855 3626 ellecit
864 3570 976 3637 liberas,

639 3658 734 3714 Salvam
745 3659 808 3716 lecit
824 3662 850 3716 in
858 3661 954 3733 gloria.

781 3758 945 3827 Convertere,
957 3772 1012 3816 ete.

641 3849 697 3904 dre
711 3845 896 3917 memnonios
912 3858 1005 3920 partus

642 3936 697 3994 Sua
714 3937 779 3993 iacit
790 3938 897 4009 jusrirta

645 4028 678 4085 Ut
694 4030 720 4085 in
733 4030 810 4086 rrobis
823 4029 914 4087 Patris
931 4030 990 4100 ejus

643 4125 785 4197 Sintiusta
801 4125 947 4205 adjutoria.

676 4255 784 4311 iustam
809 4255 970 4379 odjbttorism
1001 4269 1125 4310 orearnu

868 4341 965 4380 omino.

679 4437 736 4491 dvc
746 4445 838 4492 anostra
853 4435 1018 4500 advocatrix,

643 4527 732 4597 Atque
744 4528 806 4583 uite
817 4527 969 4600 reparatrix
984 4544 991 4581 :

644 4621 727 4692 Gujus
737 4631 830 4692 partus
843 4636 925 4691 super
937 4622 1009 4691 ipsos

93 4728 152 4794 diae,
165 4725 230 4793 rita,
246 4722 370 4787 dulcedo,
392 4729 420 4776 et
444 4734 506 4792 spes
521 4729 611 4776 nostra
646 4711 775 4767 Balbinus
787 4720 829 4765 cst
845 4711 906 4765 eoeli
926 4711 1048 4765 thronos.

93 4816 177 4870 salue.
189 4814 231 4870 ad
244 4822 270 4869 te
284 4811 432 4869 clamamus
443 4811 550 4867 exsules
565 4810 611 4867 lllii
715 4803 847 4869 Quoniam
864 4800 964 4857 eleuata
981 4811 1028 4866 ext,
1041 4809 1093 4854 etis.

93 4905 176 4961 Erec:
194 4905 226 4958 ad
243 4912 268 4958 te
283 4902 451 4972 suspiramus
463 4909 611 4971 gementes,
678 4892 736 4948 Avo
750 4891 827 4959 Sion,
843 4893 936 4962 inqua
954 4889 1025 4946 Deus

93 5006 121 5051 ct
135 4993 264 5050 flentesin
281 4994 331 5049 irae
341 4991 521 5064 laerymarum
532 4990 610 5047 valle.

644 4983 782 5040 liabitarit
794 4984 875 5039 bomo
893 4980 979 5038 lactus
998 5000 1005 5036 ι

94 5086 141 5141 Eia
170 5099 235 5155 erpo
261 5082 390 5138 aduocata
417 5090 530 5147 nostra,
552 5080 612 5139 illos
647 5074 738 5145 inquo
755 5083 866 5145 sperant
880 5073 987 5129 enixius

96 5192 155 5237 tuos
178 5178 367 5235 misericordes
386 5179 480 5233 ocutos
505 5177 538 5231 ad
563 5191 613 5233 nos
648 5165 699 5233 0¹1¹
719 5176 853 5221 ¹¹⁰ltr¹¹¹¹l
867 5164 1047 5235 uomenejm.

95 5274 241 5331 conuerte,
262 5273 290 5319 eu
316 5263 408 5318 lesum
440 5262 611 5318 benedictum

748 5260 781 5314 lit
796 5266 897 5329 sperent
911 5258 938 5312 ln
958 5266 992 5324 te,
1012 5264 1066 5311 etc.

95 5361 211 5414 iructunr
228 5356 331 5412 uentris
344 5354 382 5411 tui
395 5354 473 5410 nobis
486 5364 546 5424 post
562 5354 614 5411 boc
686 5355 741 5409 lire
752 5352 834 5423 Virgo
846 5348 1002 5421 singularis,

95 5448 218 5506 exsilium
236 5447 347 5504 ostende
366 5464 373 5500 :
393 5444 416 5504 0
433 5445 552 5502 clemens
570 5448 578 5502 i
598 5462 615 5502 o
650 5447 765 5504 Placens
778 5443 839 5500 auia
857 5440 1009 5513 virginalis,

96 5544 139 5614 pia
157 5543 195 5596 ln
210 5540 297 5597 dulcis
307 5536 423 5610 gloriosa
440 5537 553 5595 Domina
566 5552 616 5594 uo·

96 5647 163 5700 sura,
181 5647 230 5704 pro
241 5631 319 5688 uobis
330 5628 478 5686 intercede.

650 5536 734 5608 Cujus
748 5535 775 5591 in
795 5531 895 5605 templo
907 5531 1037 5587 llorninus

652 5629 686 5685 Et
696 5630 724 5685 in
738 5627 808 5685 coelo
820 5624 899 5683 sedes
912 5622 982 5699 eius.

1623 244 1691 301 tuse

1248 358 1329 432 ΒΜ
1337 358 1462 415 Dorulaus
1474 362 1501 415 iu
1516 361 1621 430 templo,
1637 372 1690 416 etc.

1213 455 1280 521 dre,
1294 455 1371 524 cuiuis
1386 454 1412 509 in
1432 454 1488 509 filio

1178 546 1296 602 Salutem
1311 543 1393 600 Pater
1407 546 1508 616 posuit,

1176 638 1204 694 ln
1219 655 1273 710 quo
1283 640 1352 694 sicut
1366 639 1393 693 in
1409 638 1487 692 urticu

1177 733 1270 788 Fidem
1293 742 1413 787 nostram
1428 731 1579 787 constitnit.

1261 825 1363 880 Parrum
1374 826 1401 880 in
1414 826 1537 891 solatiari,
1550 834 1605 879 etc.

1213 926 1280 991 Are,
1292 926 1325 981 tle
1338 925 1415 996 cujus
1431 925 1485 979 lilia

1179 1013 1298 1070 Salutari
1313 1015 1360 1070 bei
1372 1016 1472 1082 Patris,

1180 1105 1353 1160 Exsultamus
1368 1106 1396 1161 in
1411 1106 1536 1173 Domino,

1180 1198 1230 1266 Qui
1246 1200 1316 1254 bona
1330 1199 1423 1254 tribuit
1437 1199 1524 1256 nobis.

1235 1288 1383 1345 Exsultuuit
1400 1307 1447 1345 cor
1464 1301 1625 1358 meamea.
1664 1332 1666 1337 -

1181 1381 1237 1434 dre
1247 1389 1338 1435 nostra
1357 1380 1526 1446 advocatrix,

1180 1468 1356 1537 Captivorum
1369 1470 1522 1534 liberatrix,

1183 1557 1221 1613 lle
1232 1574 1283 1627 qua
1295 1558 1359 1613 Sion
1379 1558 1538 1615 Emmanuel

1184 1649 1309 1704 Salutare
1326 1652 1355 1703 iil
1373 1649 1468 1705 lsrael.

1328 1735 1393 1801 ouis
1408 1736 1491 1802 dabit,
1505 1745 1550 1792 etc

1219 1827 1284 1893 Are,
1299 1826 1375 1896 crrjtrs
1388 1843 1466 1885 mons
1484 1828 1563 1886 lulius.

1184 1918 1230 1975 bei
1246 1920 1332 1976 Pataris
1351 1929 1393 1977 cst
1409 1923 1515 1990 unicus,

1179 2011 1210 2064 ln
1227 2027 1280 2082 quo
1293 2013 1378 2067 sancti
1398 2014 1581 2083 requiescunt,

1183 2101 1233 2168 Qui
1247 2104 1388 2158 r'critatcnr
1401 2105 1526 2174 diligunt.

1235 2189 1355 2257 Domine,
1368 2192 1426 2260 quir
1444 2191 1583 2257 dubitabit,
1597 2203 1649 2247 etc.

1219 2279 1275 2332 llrc
1290 2280 1381 2349 regina
1395 2280 1540 2351 virgiuum,
1608 2283 1609 2287 ’

1185 2370 1271 2426 blaten
1284 2372 1365 2442 Virgo
1382 2383 1442 2442 post
1457 2373 1550 2437 filiunt,

1184 2462 1267 2533 Cujus
1280 2473 1375 2533 partus
1388 2466 1531 2521 lraeretlitas

1186 2552 1214 2606 ln
1227 2555 1295 2608 lautis
1308 2562 1349 2609 est
1366 2555 1507 2623 praeclara.

1218 2698 1223 2703 .
1280 2649 1305 2702 F
1307 2667 1369 2706 utres
1382 2651 1540 2714 ceciderant,
1554 2660 1606 2707 ete.

1223 2743 1279 2798 llre
1293 2752 1390 2807 mater,
1405 2758 1485 2812 quern
1504 2743 1636 2812 praedicat

1187 2834 1216 2888 ln
1233 2842 1259 2889 te
1272 2842 1364 2888 nostra
1380 2833 1543 2897 rutnrtalitas.

1188 2925 1256 2994 Quia
1272 2935 1334 2981 tuus
1348 2925 1477 2980 mirillcat

1188 3016 1287 3071 Partus
1301 3013 1511 3070 misericordias.

1252 3103 1377 3172 Mirificut
1388 3101 1590 3164 misericordias,
1601 3108 1654 3154 etc„

1225 3195 1292 3260 Arc,
1308 3208 1390 3262 oriam
1403 3193 1511 3246 laudant
1525 3191 1644 3260 spiritus,

1190 3284 1239 3341 Cui
1252 3285 1339 3340 uirtus
1351 3284 1441 3339 omnis
1457 3280 1587 3349 concinit,

1191 3383 1230 3438 lle
1243 3380 1320 3452 cujus
1330 3381 1400 3437 coelo
1410 3378 1541 3435 borniuus

1191 3474 1268 3531 liobe
1281 3475 1372 3529 carnis
1384 3472 1515 3529 intonuit.

1324 3562 1358 3617 Et
1375 3563 1504 3630 intonuit,
1517 3570 1572 3619 otc.

1226 3653 1294 3723 itte,
1308 3654 1385 3723 cujus
1399 3655 1520 3725 virgineo

1193 3743 1264 3800 Dens
1276 3744 1410 3812 processit
1423 3743 1551 3809 thalamo,

1194 3835 1280 3889 botuli
1295 3834 1372 3889 nobis
1384 3834 1472 3905 gratia

1195 3923 1231 3979 So
1243 3923 1366 3995 praebens
1379 3924 1405 3977 in
1420 3921 1568 3992 sponsalia.

1358 4012 1393 4067 ln
1411 4011 1476 4075 sole,
1493 4020 1547 4067 etc.

1230 4106 1287 4159 Are
1299 4103 1374 4166 Sion,
1390 4104 1423 4157 de
1434 4116 1486 4171 nura
1501 4103 1572 4158 Deus

1196 4197 1251 4254 llos
1260 4206 1350 4253 tuetur
1363 4199 1533 4260 incarnatus,

1197 4294 1298 4349 Mentor
1312 4291 1398 4347 nostri
1412 4290 1547 4346 libaminis
1577 4338 1581 4345 .

1196 4386 1224 4441 in
1234 4402 1301 4457 pace
1313 4389 1354 4442 sui
1374 4384 1505 4454 corporis.

1344 4475 1447 4530 Memor
1460 4472 1503 4537 rit,
1519 4480 1573 4526 ete.

1231 4570 1287 4623 dre
1301 4575 1399 4631 nister,
1412 4562 1488 4633 cujus
1500 4571 1608 4634 partum

1197 4658 1321 4715 Coelestis
1331 4658 1413 4713 Pater
1427 4654 1537 4711 unicani

1196 4750 1225 4806 ln
1238 4750 1364 4809 saeorrlum
1375 4749 1422 4804 dat
1431 4745 1559 4820 gentibus

1196 4841 1225 4898 ln
1238 4837 1482 4901 benedictionibus,

1304 4945 1436 5012 Quoniam
1454 4942 1537 5004 dubit,
1553 4947 1607 4994 etc.

1235 5059 1291 5114 Are
1309 5064 1407 5120 mater,
1420 5051 1496 5123 curlus
1510 5059 1617 5123 parturn

1199 5152 1299 5207 Panem
1313 5148 1376 5203 ritae
1393 5146 1470 5201 nobis
1483 5144 1595 5211 laetum,

1200 5242 1317 5314 Pinpres
1332 5247 1411 5294 terrae
1428 5250 1461 5292 ex
1476 5250 1529 5305 quo
1540 5234 1633 5290 eluant

1201 5330 1235 5390 Et
1248 5331 1412 5389 manducant
1428 5337 1456 5387 et
1468 5330 1593 5385 adorant.

1307 5421 1545 5484 lloaducouenmt,
1561 5426 1615 5475 etc.

1239 5523 1296 5578 Are
1310 5526 1402 5575 nostra
1418 5513 1588 5577 advocatrix,

1205 5615 1288 5687 Cujus
1301 5620 1394 5683 partus
1407 5623 1498 5666 mensa
1508 5605 1598 5663 Patris
