3690 6008
57 165 124 221 still

696 171 759 227 Ltb.
779 172 811 241 ll,
831 170 940 229 Enisa.
958 172 1047 229 Xbl‘l'.

1615 170 1686 230 tatu

93 278 199 352 lloyses
212 278 390 335 charissimus
408 279 491 337 buter
506 289 608 343 noster.
625 283 671 354 qui
695 284 843 340 claustrum
857 287 880 344 ll
894 286 1023 342 rertlcent
1036 284 1062 339 lu
1076 282 1190 338 circuitu
1206 280 1273 352 pulle
1287 285 1358 340 servi
1371 285 1451 341 vestri
1466 285 1684 346 iratrisdnselmi

56 383 157 426 sauctae
169 372 384 427 conuersationis
397 383 494 430 vestrae
513 390 560 430 sua
570 376 684 444 Jorcnlli
698 377 806 433 leuitate
819 388 846 433 et

56 463 144 516 alierra
170 463 300 535 deceptus
323 464 418 521 lrarrde
434 466 566 535 descruit,
591 469 768 540 utpotelilius
783 471 845 528 Evae
878 468 881 476 '

57 560 153 614 ratatris
174 572 284 626 nostrae,
310 578 371 632 qaum
395 564 420 618 in
448 566 574 635 paradiso
587 562 700 639 decepta
725 570 850 660 paradisi

56 653 213 706 aaraoeuitato
224 654 322 720 caruit,
334 668 452 726 superno
466 667 623 730 protegente
638 669 775 731 respectu;
794 678 845 719 nec

55 744 196 812 dissipauit
208 746 389 803 substantiam
400 762 477 804 suant
495 764 556 804 cum
571 752 773 818 meretricibus,
794 769 844 810 nce

56 834 146 891 inedia
159 845 271 894 coactus
294 839 368 908 parit
382 853 481 908 porcos
498 849 654 909 extraneos,
671 858 723 898 nec
739 843 844 899 deside·

56 928 128 982 ravit
151 929 268 986 saturari
289 930 405 1002 siliquiis
420 931 455 964 Μ’
471 946 539 1002 quas
556 934 631 1003 porei
656 936 820 992 manducant
835 953 843 993 a

55 1018 104 1074 sed
123 1020 243 1076 rrondum
265 1021 398 1078 exhausta
417 1022 517 1079 mentis
541 1023 679 1089 satietate,
702 1039 784 1096 qrram
810 1027 845 1083 de

56 1109 190 1178 spirituali
207 1124 298 1165 morsa
308 1118 558 1180 vestraacceperat,
571 1111 604 1166 ad
616 1119 737 1167 nostrum
749 1128 844 1169 nanna-

55 1197 180 1264 stcrium,
202 1198 280 1268 qrrasi
293 1198 327 1253 ad
343 1207 436 1254 notum
452 1208 561 1270 portum
578 1208 637 1270 post
652 1201 750 1256 multos
765 1217 844 1259 muu-

56 1287 118 1342 dani
128 1288 212 1342 maris
227 1288 367 1343 discursus
381 1289 490 1344 tandem
506 1288 642 1359 applicuit.
651 1288 845 1361 Qui,quamvis

53 1381 91 1434 ob
106 1387 198 1434 reatus
210 1378 251 1433 sni
266 1379 461 1434 conscientiam
474 1381 648 1436 severitatem
662 1381 775 1450 iustitiae
791 1383 843 1440 sibi

898 380 1036 446 lrulutum,
1054 386 1081 433 ct
1097 390 1129 431 os
1151 375 1210 446 ejus
1225 395 1256 435 os
1276 394 1364 434 mcum
1384 395 1445 435 csse
1458 389 1547 436 restra
1562 381 1631 438 sciat
1646 383 1687 439 di·

898 471 987 527 leetio.
1008 471 1037 527 Si
1052 472 1113 542 quis
1124 485 1189 542 ergo
1202 479 1323 528 vostrum
1345 481 1387 527 cst
1403 472 1430 527 in
1447 487 1526 542 qraern
1542 471 1687 543 aliquando

897 571 993 632 sponte
1010 565 1135 634 peccavi,
1159 568 1263 639 primus
1276 565 1303 620 in
1327 563 1372 618 illo
1387 579 1436 633 pro
1460 564 1587 635 praedicta
1610 566 1687 638 culpa

897 655 993 727 pellem
1010 672 1097 713 meam
1116 660 1270 730 percutiat,
1286 669 1314 714 et
1326 673 1357 715 os
1371 674 1461 715 merum
1478 674 1493 713 a
1510 661 1571 716 cibo
1593 662 1688 731 probi·

895 744 968 801 boat.
988 744 1053 803 Post
1073 748 1144 805 hanc
1166 765 1234 806 rere
1256 750 1363 821 cuipam
1379 749 1474 822 pellem
1498 765 1586 806 meam
1611 750 1690 806 iratri

896 836 981 909 Moysi
999 838 1198 898 studiosissime
1216 845 1388 911 commendo,
1404 845 1475 900 sicut
1494 857 1570 899 suam
1585 843 1689 916 diligit,

897 930 930 984 ad
944 924 1165 1000 custodiendum
1179 933 1256 990 robis
1271 944 1373 1001 autem,
1391 951 1444 990 non
1459 935 1528 992 adeo
1539 935 1575 967 ¹¹⁸
1585 935 1617 991 ad
1631 953 1690 1007 par·

895 1021 1023 1076 cendum.
1040 1021 1107 1077 Nam
1125 1025 1147 1079 si
1161 1025 1220 1095 ejus
1231 1025 1309 1095 eulpa
1326 1025 1403 1096 pollis
1417 1039 1477 1081 mea
1496 1025 1558 1082 lassa
1572 1033 1690 1097 autgra·
1727 1066 1731 1074 .

894 1109 954 1163 vius
970 1121 1084 1163 exctrssa
1104 1108 1200 1178 luerit,
1216 1110 1250 1166 ab
1261 1111 1306 1167 illo
1318 1113 1439 1182 exigam,
1453 1112 1475 1166 si
1490 1111 1551 1183 quis
1561 1120 1651 1168 autem
1663 1113 1690 1168 ei

895 1201 1062 1269 pepercerit,
1088 1199 1127 1255 illi
1147 1201 1248 1270 gratias
1263 1216 1350 1273 agam.
1372 1202 1411 1257 be
1427 1199 1528 1257 lamule
1548 1216 1613 1257 vero
1630 1202 1691 1273 ejus

895 1290 992 1344 scitote
1006 1291 1070 1360 qrria
1083 1289 1163 1343 aliam
1175 1290 1272 1360 pellem
1289 1306 1341 1345 non
1358 1291 1457 1357 babeo,
1472 1289 1600 1360 quoniam
1614 1289 1694 1346 salus

894 1381 954 1452 ejus
974 1381 1046 1438 salus
1062 1396 1138 1446 ntea;
1158 1382 1248 1437 anima
1261 1381 1338 1454 elus,
1354 1385 1446 1439 aniano
1461 1398 1522 1439 mea
1542 1391 1595 1438 est.
1618 1382 1690 1451 Quu-

57 1470 153 1523 tirucat
162 1468 405 1533 spostolodieome
416 1486 423 1523 ε
435 1467 519 1524 Nemo
530 1486 644 1542 uagatum
657 1487 844 1526 cornemsuam
895 1476 968 1531 niam
982 1485 1073 1530 atttem
1089 1476 1153 1546 quid
1168 1477 1201 1532 de
1212 1489 1326 1548 argento
1338 1479 1467 1551 postulat,
1484 1490 1526 1537 est
1537 1481 1571 1535 ad
1585 1479 1689 1536 faciem

54 1561 115 1614 odio
135 1560 224 1613 traicit
238 1557 348 1629 (Epins.
357 1574 388 1637 v,
404 1560 452 1629 29)
467 1578 474 1613 z
489 1570 578 1615 tamen
593 1561 663 1616 iratra
683 1579 803 1634 gregem,
817 1564 844 1618 in
895 1566 958 1621 dum
974 1565 1072 1629 laeilet
1096 1578 1150 1618 ιιιιιι
1164 1567 1231 1631 erit,
1252 1577 1282 1622 ut
1299 1577 1374 1638 puto,
1389 1570 1460 1640 apud
1474 1568 1694 1627 misericordiam

54 1664 110 1719 qrro
122 1648 237 1704 lactatus
248 1649 615 1706 etnurritusestomnimodo
630 1651 749 1723 recolligi
760 1654 843 1723 eupit.
860 1664 1013 1729 prastaam
1029 1656 1063 1710 ad
1084 1656 1282 1726 irnpctrandum
1304 1657 1420 1715 difficile.
1445 1658 1482 1714 lle
1506 1659 1549 1714 lais
1566 1659 1693 1715 orrrnibus

56 1739 89 1794 Et
100 1739 229 1808 quoniam
242 1753 296 1794 nou
312 1739 661 1810 sedigoumuoearilllium,
674 1752 721 1797 ant
735 1743 849 1800 fratrem
899 1756 1043 1820 autequam
1059 1749 1172 1820 incipiat
1192 1747 1296 1815 redire,
1318 1749 1484 1804 voluntatem
1508 1759 1626 1804 vestram
1644 1760 1692 1820 per

51 1829 108 1900 1²¹¹!
120 1830 240 1901 judicat,
255 1829 352 1886 saltem
368 1832 426 1887 lieri
440 1833 553 1889 sesicut
567 1835 849 1892 unrtmdemereeua·
898 1841 1005 1898 litteras
1025 1851 1129 1897 vostras
1145 1840 1331 1897 desideramus
1347 1841 1450 1895 audire.
1476 1838 1533 1894 Non
1550 1840 1613 1910 qrria
1634 1840 1693 1909 ipse

55 1923 104 1978 riis
116 1921 199 1994 359
216 1924 313 1978 uestris
337 1931 442 1979 ιιιιιιιιιι
459 1925 530 1980 iuter
549 1940 601 1982 vos
621 1941 681 1982 esse
701 1940 849 1996 mereatur,
899 1941 1022 1998 recuset,
1048 1933 1070 1988 si
1094 1932 1210 2003 jubetis,
1226 1932 1308 1986 ctiam
1330 1930 1363 1985 ad
1381 1939 1514 1985 tormenta
1527 1946 1692 2001 properare,

55 2016 192 2071 ‹lesiderat
207 2033 214 2069 :
232 2014 332 2070 lamrdo
348 2031 455 2086 qaroque
470 2033 537 2086 suo,
560 2034 641 2090 quem
659 2020 717 2091 ipse
732 2021 766 2076 ad
786 2037 850 2077 eon·
899 2022 946 2078 sed
959 2025 1089 2094 quoniam
1099 2038 1160 2078 eum
1176 2024 1247 2079 bona
1258 2036 1321 2092 spe,
1341 2021 1418 2077 laetus
1431 2022 1464 2077 ad
1479 2037 1526 2078 eos
1538 2037 1605 2092 ortos
1616 2022 1693 2078 desi-

54 2123 164 2164 seasum
174 2118 201 2164 ot
211 2109 369 2179 obsequium
384 2112 424 2166 sni
438 2112 663 2175 dilectiattrarit.
676 2124 750 2172 tanto
765 2117 850 2187 magis
899 2115 988 2179 derat,
1003 2123 1081 2185 optat
1094 2127 1226 2171 remeare.
1241 2112 1343 2168 Valere.

55 2214 137 2269 qrram
152 2200 226 2255 carni
239 2215 294 2255 suae
312 2201 404 2268 timet,
417 2213 523 2274 qrranto·
533 2206 554 2259 si
567 2205 611 2261 ille
627 2206 717 2279 aliqua
731 2209 848 2266 vindicta
1128 2201 1396 2278 EPlSTllLdlllbl'l
1414 2202 1459 2258 ⁸¹⁹.

55 2292 184 2362 puniatur
201 2290 277 2361 justo
298 2292 417 2364 iudicio,
441 2297 475 2351 ab
492 2297 584 2352 anima
616 2313 664 2354 sua
687 2300 849 2371 exigendum
1190 2309 1224 2349 Ab
1242 2309 1411 2350 connutruu.

54 2383 138 2438 videt.
152 2382 189 2438 De
203 2385 315 2453 pecunia
330 2388 412 2441 etiam
438 2388 523 2443 aliena
534 2388 673 2461 subpaeto
689 2392 850 2451 redditionis
1102 2384 1205 2440 EWM
1220 2383 1371 2455 illimem
1386 2382 1487 2452 lesbii·

55 2482 177 2543 accepta,
192 2491 273 2546 quam
293 2477 401 2534 incarne
416 2494 463 2548 per
476 2481 591 2537 alimrarn
605 2482 739 2556 fallaciam
749 2501 849 2557 expen·
934 2479 1049 2535 libidini)
1074 2486 1101 2534 ⁰2
1123 2478 1214 2544 Pistris
1243 2477 1336 2533 limiti>
1353 2477 1514 2542 letissillwi
1542 2478 1696 2532 lfflelsssslw

56 2573 111 2635 dit,
128 2571 165 2626 ita
191 2569 324 2626 sollicitus
348 2578 390 2627 cst
410 2582 440 2628 ιιι
455 2573 509 2628 uisi
528 2590 576 2644 per
599 2575 733 2648 largitatis
751 2587 849 2634 vestra}
899 2570 1024 2641 ebls⁰⁰do
1042 2569 1202 2636 (lomim,
1218 2568 1303 2624 fiili?
1321 2570 1477 2635 Adsssfflllsi
1494 2570 1525 2640 5¹¹.
1537 2568 1616 2638 lidius
1631 2569 1695 2624 '¹¹³3

55 2663 201 2729 arixilium,
225 2672 252 2721 et
276 2678 324 2734 per
343 2663 479 2719 licentiam
495 2674 525 2721 ut
545 2667 726 2738 undecunque
748 2671 849 2740 poterit
898 2675 1073 2730 belselmfss
1087 2660 1250 2728 sanctitate,
1272 2659 1299 2714 5¹¹
1315 2659 1413 2715 [⁰²⁰¹ae
1426 2673 1588 2728 bilbilim
1603 2658 1692 2716 filiii·

55 2771 85 2812 se
109 2754 231 2825 adjuvari
256 2755 389 2826 postulet,
408 2756 442 2811 ab
455 2772 488 2813 eo
507 2758 599 2814 debito
620 2762 765 2832 coartigerit
785 2777 847 2817 etam
899 2760 955 2806 1²1⁰
964 2751 1011 2805 ⁸¹⁰·
1158 2814 1163 2827 ,

55 2847 215 2913 οιοιιιιιιιιί,
232 2861 369 2916 nunquam
391 2857 481 2917 speret
495 2863 635 2906 corsuum
650 2867 684 2908 οι
701 2853 752 2909 hac
767 2869 847 2910 vere.
934 2840 963 2897 Si
978 2851 1076 2899 restrae
1090 2841 1324 2899 beneuolentiaeet
1336 2850 1488 2898 uestrorum
1499 2840 1695 2896 beuellclorum

15 2968 19 2981 .
55 2938 154 2992 cundia
168 2952 247 3007 posse
263 2939 407 2997 consolari,
424 2937 477 2993 sed
492 2926 621 3010 ,lumnam
634 2940 668 2998 ad
690 2953 729 3000 202
741 2953 770 3001 02
785 2954 846 3000 [an.
897 2933 1105 2990 retributionem
1128 2935 1156 2989 in
1171 2935 1319 3006 gratiarum
1343 2935 1449 2989 actione
1463 2947 1525 2989 esse
1543 2934 1693 2991 sciremus·

57 3035 98 3081 trs
112 3041 155 3082 res
172 3041 267 3097 preces
280 3048 343 3089 suas
357 3026 511 3086 considerat
524 3047 573 3088 nec
587 3047 666 3103 posse
678 3048 729 3089 nec
746 3020 881 3092 debarai}
897 3026 991 3096 utique
1017 3025 1117 3080 multas
1139 3024 1224 3096 pelles
1247 3024 1339 3080 ovium
1364 3024 1514 3092 gratiarum
1541 3023 1698 3078 actionibus

55 3116 195 3186 sufficere,
210 3134 253 3176 mg
265 3135 373 3177 geruum
385 3131 524 3187 vestrum,
539 3121 667 3191 quoniam
679 3138 729 3179 nec
741 3123 846 3181 ssdglio.
898 3116 1085 3187 irttpleremus.
1097 3114 1150 3172 sed
1167 3117 1295 3187 quoniam
1309 3131 1364 3171 noll
1384 3117 1412 3170 ln
1425 3131 1491 3171 voce
1504 3116 1693 3181 irrevocabili,

56 3223 114 3264 rem
133 3213 225 3277 robis,
240 3228 290 3269 nec
301 3227 380 3283 qoem
396 3215 485 3285 magis
498 3210 616 3269 conlidit
630 3215 732 3271 anobis
745 3217 847 3288 aliquid
898 3225 949 3265 nec
963 3209 1140 3280 inscriptura
1155 3208 1289 3279 putribili,
1304 3209 1352 3265 scd
1364 3209 1391 3264 in
1405 3216 1515 3265 tctcrnae
1528 3208 1695 3281 plenitudine

56 3313 136 3368 posse
152 3300 299 3371 impetrare
313 3301 348 3357 ad
362 3316 481 3371 praesens
493 3301 589 3366 babet,
604 3315 653 3371 pro
665 3316 695 3358 se
711 3312 788 3374 rogat
807 3305 849 3359 ia·
898 3301 1036 3361 lolieitatis
1051 3302 1204 3359 mercedem
1220 3310 1350 3367 ,uestram
1375 3302 1500 3357 novimus
1522 3301 1692 3357 consistere:

57 3391 206 3447 tercederc.
229 3393 330 3449 Verum
345 3409 406 3448 cum
424 3392 498 3447 nulla
519 3391 607 3461 major
620 3393 655 3447 sit
671 3392 845 3462 intercessio,

55 3496 137 3551 quam
162 3470 242 3551 p'ellis
263 3496 314 3553 pro
331 3482 417 3552 pelle,
433 3484 530 3538 atrimae
551 3497 602 3553 pro
625 3483 714 3538 anima
730 3484 844 3554 positio,

55 3573 163 3629 dicente
177 3572 313 3629 domino:
333 3572 463 3643 Maiorem
482 3572 646 3628 dilectionem
664 3589 740 3628 nerto
754 3575 846 3639 babet,

54 3681 133 3734 ᾳιιιιιιι
150 3674 178 3720 ut
191 3665 307 3719 ortimam
323 3677 402 3735 ponat
417 3666 476 3737 quir
492 3680 541 3733 pro
562 3663 653 3719 amicit
675 3665 730 3719 suit
749 3664 845 3735 (doun.

54 3771 101 3824 av,
122 3757 178 3830 ld).
202 3758 334 3815 boninum
354 3755 463 3828 Moysen
478 3773 494 3812 a
510 3756 602 3828 planta
623 3755 700 3828 pedis
714 3754 846 3826 usquead

897 3393 1013 3463 ideoque
1028 3394 1239 3465 supersedemus
1257 3409 1310 3463 per
1328 3393 1434 3465 singula
1454 3402 1544 3449 vostra
1562 3393 1696 3449 beneticia

868 3508 881 3519 κ
897 3485 1000 3555 gratias
1024 3486 1176 3540 remittere.
1197 3484 1316 3539 blutuam
1339 3498 1404 3540 vero
1429 3493 1548 3539 uestram
1572 3483 1695 3539 dilectio·

898 3588 971 3640 uem,
988 3573 1060 3627 slent
1080 3573 1108 3627 in
1124 3572 1200 3628 robis
1216 3587 1327 3628 manere
1340 3573 1535 3628 immutabilem
1547 3590 1601 3629 nun
1617 3576 1696 3645 iguo·

898 3675 1008 3728 ramus;
1024 3660 1062 3716 ita
1073 3661 1101 3716 in
1120 3661 1198 3717 nobis
1208 3676 1268 3715 cam
1282 3676 1391 3717 seruarc
1414 3662 1599 3718 inviolabilem
1614 3679 1696 3718 cura-

901 3768 971 3810 mus.
983 3753 1021 3810 bc
1035 3751 1120 3811 lratrc
1134 3752 1225 3826 lloyse
1236 3753 1425 3810 cantuariensi
1437 3753 1546 3825 juvene,
1561 3756 1607 3826 qui
1622 3772 1698 3813 arrae

704 3883 822 3945 lellAE
841 3883 1042 3945 tticnortas

93 4005 129 4038 ⁸¹²
154 4004 295 4061 Satursris
307 4004 466 4075 siliquiims.
478 4005 594 4060 saturari
609 4004 715 4076 siliquis
764 4004 1055 4064 'ennoematice
1104 4001 1425 4059 ⁸¹⁹Collutocutueodem
1439 4019 1490 4059 ota.
1539 4001 1699 4062 ¹¹⁰Hatteto

56 4075 199 4133 faelicitate
211 4092 261 4130 mr.
273 4090 435 4148 permautcru
449 4075 590 4132 bullcitatc
1015 4104 1019 4109 -

659 4189 800 4248 tonnuls
814 4189 889 4248 ulca
898 4190 954 4246 nbi
967 4189 1084 4248 NOTAE.

22 4298 27 4305 ¹
56 4325 144 4398 ligans
165 4322 332 4379 voluntatem
357 4335 435 4377 suam
465 4318 610 4387 detestato,
627 4332 655 4378 et
680 4327 849 4396 propositum
863 4313 891 4375 Ι)
907 4326 1016 4382 francus
1027 4332 1077 4377 nec
1091 4320 1183 4377 nolum
1192 4320 1345 4392 propalare,
1358 4337 1408 4379 nec
1421 4322 1531 4378 onrrrino
1543 4322 1690 4390 accubare,

57 4397 149 4452 cordis
161 4395 222 4461 sui,
259 4393 311 4448 uod
327 4391 464 4448 occultum
489 4392 614 4461 putabat,
629 4394 770 4452 euidenter
793 4415 855 4468 pro·
908 4394 1036 4451 indicauit
1049 4393 1121 4447 illam
1133 4391 1239 4447 cuidam
1255 4393 1387 4447 ruonaclro
1400 4394 1507 4448 notitiae
1521 4392 1694 4460 Guillrelmo,

59 4465 178 4539 palatum
192 4505 200 4529 ,
216 4480 231 4518 a
244 4483 250 4516 ι
270 4463 323 4518 atis
337 4460 449 4533 pedibus
464 4461 537 4517 illico
552 4462 717 4531 advolvitur,
728 4475 756 4520 et
785 4469 854 4524 trall-

58 4546 100 4592 ter
112 4536 163 4589 sibi
178 4533 360 4589 innotuissent
374 4532 434 4586 talia
448 4532 586 4588 humiliter
596 4534 764 4590 sciscitatur.
799 4554 853 4594 tarro

10 4604 17 4610 ’
57 4610 81 4662 ei
99 4607 183 4660 abbas
201 4604 297 4658 lalanda
314 4618 380 4656 uoce
391 4602 522 4657 visionem
538 4603 661 4673 aperuit,
675 4611 703 4659 ct
714 4605 778 4675 qrrid
800 4609 852 4663 sibi

58 4676 192 4730 diuinitus
213 4687 389 4745 perparorum
405 4671 553 4727 revelatum
575 4673 611 4728 sit
631 4675 701 4729 sicut
714 4690 794 4744 surpra
810 4692 852 4731 re·

58 4745 212 4808 terruimus,
227 4742 355 4813 explieat.
380 4740 551 4797 mairanicis
575 4743 796 4815 obstupefactus,
820 4756 849 4802 et

58 4814 106 4870 bei
121 4815 235 4884 gratiam
246 4813 274 4868 in
288 4812 386 4868 abbate
399 4811 572 4867 vehementer
586 4815 744 4879 admiratus,
760 4816 848 4872 bernri-

58 4901 113 4956 qrre
135 4893 298 4954 prrtstratus,
319 4884 374 4952 ¹pet·
399 4881 598 4937 cordessioncnr
625 4883 699 4938 Patri
724 4887 847 4953 protinus

58 4954 189 5025 arridould
208 4956 237 5010 in
250 4954 388 5008 voluntate
403 4951 554 5015 babuerat,
570 4953 650 5007 eorde
670 4966 848 5024 eoarprrrnetus

60 5024 197 5096 exposuit,
211 5022 425 5096 poenitentiaque
438 5028 550 5090 accepta
567 5031 595 5076 et
607 5021 775 5085 absolutione
796 5026 851 5080 im·

57 5104 176 5171 petrata,
191 5093 336 5165 spopondit
346 5107 377 5147 se
393 5104 530 5158 trurrqrram
539 5090 573 5145 ab
585 5093 643 5162 ipso
654 5093 850 5162 discessurum,

57 5164 170 5235 ejrrsque
180 5163 322 5234 praeceptis
331 5175 380 5232 per
389 5161 480 5216 anania
491 5159 851 5232 obtemperaturumdbbas

59 5237 182 5307 ingentes
193 5232 369 5302 omnipotenti
387 5231 439 5285 beo
450 5230 552 5298 gratias
569 5231 698 5296 reserens,
712 5247 793 5302 quam
812 5235 852 5289 ci·

56 5308 113 5361 tius
127 5303 224 5374 potuit,
239 5301 421 5357 Larrlraneum
432 5301 549 5380 priorem
565 5302 716 5367 constitnit,
730 5310 758 5357 et
777 5302 852 5373 orrid-

56 5375 123 5447 quid
134 5374 230 5428 ditioni
245 5371 401 5426 arnonasterii
412 5369 569 5438 subjacebat
581 5369 651 5425 lutus
670 5381 698 5426 et
718 5375 850 5440 exterius,

57 5446 144 5517 ipsius
165 5459 239 5501 eura
253 5441 400 5498 corntnisit.
419 5438 494 5506 Quos
512 5439 549 5493 ita
570 5440 714 5498 unanimes
727 5457 788 5499 esse
803 5443 851 5498 tri-

56 5515 115 5572 buit
142 5515 232 5571 divina
261 5510 410 5583 protectio,
428 5517 458 5564 ut
476 5508 548 5591 nulla
571 5512 641 5566 inter
662 5525 709 5567 eos
730 5529 850 5583 unquam

57 5584 136 5644 buerit
149 5594 208 5642 orta
223 5581 400 5640 dissensionis
413 5595 533 5637 ocrasto.
545 5579 621 5637 llatae
637 5581 767 5640 visionem
782 5583 850 5641 Lau-

907 4481 987 4538 quem
1009 4480 1024 4518 a
1039 4478 1124 4534 puero
1138 4462 1272 4517 nutrierat
1293 4472 1320 4516 et
1335 4463 1479 4529 docuerat,
1492 4463 1694 4535 plurimumque

907 4535 1034 4597 attrabat,
1050 4531 1210 4615 praecipiens
1225 4547 1259 4586 ne
1278 4530 1358 4587 alicui
1381 4533 1501 4598 diecret,
1523 4535 1640 4604 quandiu
1664 4536 1691 4591 in

905 4617 1020 4674 corpore
1034 4610 1147 4659 viveret.
1159 4601 1235 4669 Quod
1245 4601 1288 4657 ille
1297 4605 1415 4657 servavit
1426 4616 1512 4667 usone
1524 4605 1557 4659 ad
1568 4605 1690 4660 ultimam

906 4682 1084 4732 settectulem.
1102 4671 1167 4735 Post
1179 4682 1292 4727 mortem
1304 4688 1369 4727 vcro
1384 4673 1541 4739 Lattlranci,
1555 4690 1616 4728 curn
1633 4675 1689 4743 jaun

905 4743 980 4800 ntdla
992 4741 1176 4813 prohibitione
1189 4752 1343 4810 urgeretur,
1353 4744 1461 4812 scripsit
1480 4757 1536 4798 reru
1548 4743 1619 4798 sicut
1639 4760 1691 4798 au·

898 4816 1028 4878 dierat,et
1037 4813 1127 4868 abbati
1136 4828 1166 4867 ac
1174 4812 1314 4867 monacbis
1322 4812 1494 4883 becci,prout
1504 4828 1585 4883 supra
1603 4815 1690 4886 diges·

900 4882 1081 4949 sirnusallxit.
1104 4903 1114 4936 ι
1137 4880 1279 4951 Hucusque
1299 4882 1443 4937 Guillrelrni
1466 4881 1590 4951 epistola,
1613 4885 1692 4952 crrjrts

908 4954 1086 5007 sortiariarium
1102 4954 1193 5024 biogra
1215 4953 1265 5008 bus
1280 4950 1424 5007 Beeeensis
1440 4952 1466 5006 in
1479 4951 1599 5020 ejusdem
1619 4951 1691 5006 Lan·

909 5022 1000 5078 lranei
1012 5020 1099 5077 Vitam
1114 4967 1279 5087 eoutussrat,
1293 5035 1325 5076 ea
1339 5037 1391 5091 qua
1407 5022 1692 5092 circumdeditque

908 5106 1064 5161 supremum
1084 5091 1211 5157 referam,
1223 5106 1319 5160 nempe
1330 5133 1337 5158 ,
1348 5091 1420 5160 qnod
1434 5106 1495 5145 eum
1511 5093 1690 5148 cantuarien·

906 5162 945 5217 sis
968 5160 1081 5218 basilica
1105 5162 1140 5217 ab
1164 5161 1223 5232 ipso
1245 5160 1397 5216 Lanlranro
1414 5160 1529 5230 primum
1550 5161 1688 5225 inchoata,

904 5231 1066 5303 tandemque
1088 5233 1122 5287 ad
1155 5231 1310 5287 umbilicum
1343 5231 1470 5302 perducta
1498 5247 1513 5284 a
1536 5229 1689 5286 Gullltelrno

904 5300 1074 5358 Gurboliensi
1097 5302 1176 5356 tertio
1205 5311 1265 5372 post
1286 5301 1371 5370 ipsum
1393 5301 1595 5370 arcltiepiscopu
1619 5302 1689 5357 leret

904 5372 1056 5438 sacranda,
1072 5387 1121 5443 pro
1136 5386 1212 5427 more
1226 5371 1345 5426 orrlrersi
1365 5370 1563 5426 inhumanorum
1583 5369 1688 5430 cineres

902 5442 968 5498 clati
986 5442 1080 5508 luere,
1094 5451 1205 5512 tumque
1218 5441 1367 5496 monaeim
1384 5438 1481 5510 aliquis
1499 5440 1617 5512 praecidit
1642 5457 1689 5496 ca-

902 5513 966 5568 sulae
978 5512 1121 5568 Lanlranci
1135 5508 1314 5582 particulam,
1329 5525 1390 5582 qrrae
1403 5521 1515 5568 cunctos
1529 5510 1693 5570 ollaclenttts

903 5583 1122 5655 fragrantissimo
1136 5580 1234 5636 allicuit
1247 5581 1339 5637 odore.
