3690 6008
982 121 1015 137 ...ς

81 249 150 308 idl'l
181 310 183 315 ,
668 247 713 304 DE
728 247 817 305 Pacu
840 245 885 304 st
906 195 1118 305 concitanti.
1640 251 1709 310 l0l8

393 359 505 418 catut
521 359 551 416 ll.
881 358 976 430 delus
989 359 1124 415 voluntate
1139 355 1210 413 nulla
1224 366 1330 418 tattone
1341 357 1398 416 vult
1413 360 1586 425 discordare,
1598 377 1650 417 non
1663 380 1708 421 ae-

231 449 269 506 lle
283 449 428 507 odedientia
437 451 546 518 pretato
561 450 715 508 scindenda.
919 468 984 509 cure
1004 452 1143 524 praesumit
1159 470 1165 507 :
1181 452 1312 523 quidquid
1330 453 1403 507 enlm
1426 454 1504 523 pravi
1524 457 1709 525 suggesserit,

114 542 232 601 Praelato
253 552 349 597 nostro
372 540 567 610 subjectionem
591 550 619 597 et
640 542 821 600 obedientiam
834 558 868 600 ex
919 543 952 597 ad
967 543 1157 598 verecundiam
1176 541 1227 597 sibi
1247 539 1377 607 vertitur;
1394 555 1455 597 eunt
1470 541 1515 598 ille
1531 544 1573 599 eui
1589 547 1711 622 suggeri·

79 637 161 695 corde
182 647 292 690 servare
310 632 454 698 debemus;
473 632 551 689 aliter
564 633 636 690 enim
651 650 773 690 normam
786 651 869 707 quam
920 643 973 700 tur,
995 644 1040 691 aut
1059 633 1257 705 suggestionem
1283 648 1351 705 pene
1374 636 1540 700 contemnit,
1558 645 1605 691 aut
1629 638 1650 693 si
1675 639 1710 697 ad

77 725 296 801 profitemurnon
308 732 440 780 tenemus.
456 723 594 794 Siquidem
607 725 721 782 illetere
733 726 870 798 subjectus
918 725 1014 782 boram
1038 724 1184 790 consentit,
1198 738 1247 794 per
1269 723 1467 780 contessionem
1492 733 1520 780 et
1542 725 1649 798 dignam
1666 744 1711 783 sa·

77 825 106 873 et
120 813 269 871 monachus
282 813 324 868 vel
339 814 486 870 canonieus
507 823 559 882 est,
573 816 619 885 qui
633 817 732 888 gaudet
747 832 777 873 se
790 832 868 875 suunt
920 813 1102 872 tisiaetionem
1132 828 1192 870 sese
1217 815 1382 870 emendavit.
1399 815 1427 871 lu
1455 816 1580 871 omnibus
1596 834 1660 888 ergo
1684 830 1712 875 ct

78 923 132 962 non
159 920 219 960 esse
233 914 346 975 propter
364 904 460 960 Deum.
487 897 629 973 Quicnim
652 922 705 964 non
729 923 762 964 ex
787 910 869 967 corde
918 918 968 974 per
985 903 1075 960 ontnia
1090 902 1146 958 Deo
1170 902 1251 959 debet
1268 903 1393 959 subditus
1418 904 1531 960 obedire
1556 915 1585 959 et
1607 905 1711 976 praelati

79 999 127 1055 sed
141 997 200 1055 sola
212 994 389 1069 subjectionis
410 996 469 1069 lege
482 998 581 1063 obedit,
596 999 648 1055 nisi
661 1014 692 1056 se
707 1001 868 1069 correxerit,
917 995 1066 1067 jussionem
1081 994 1154 1050 tulta
1177 993 1309 1051 fidelitate
1327 993 1373 1050 Del
1395 995 1497 1052 subire·
1514 994 1584 1049 Nam
1606 996 1628 1051 ai
1643 1010 1713 1066 prte-

79 1087 233 1144 mercedem
251 1086 410 1142 obedientiee
431 1101 483 1143 nott
498 1086 627 1144 babebit:
642 1089 742 1145 etenim
757 1105 811 1146 uon
827 1099 871 1148 est
920 1086 990 1144 latus
1015 1087 1154 1143 subditum
1174 1086 1316 1157 perintime
1339 1086 1466 1156 jusserit,
1482 1087 1506 1144 si
1527 1086 1712 1153 latrocinium,

78 1180 178 1238 bonum
199 1179 251 1235 nisi
265 1178 456 1236 voluntarium.
470 1180 584 1251 Oportet
596 1196 662 1255 ergo
684 1190 712 1239 ut
727 1198 760 1240 ex
776 1200 870 1243 amore
920 1180 1125 1237 fornicationem
1142 1188 1189 1234 aut
1202 1178 1276 1234 aliud
1304 1177 1469 1248 hujusmodi.
1483 1179 1557 1234 nullo
1573 1180 1652 1236 modo
1666 1176 1714 1235 nb·'

78 1270 164 1342 legent
181 1268 345 1327 obeditionis
359 1278 457 1336 teneat,
479 1287 514 1328 ne
528 1274 679 1331 mercedem
693 1289 749 1331 sttae
762 1291 870 1347 posses-
921 1281 1072 1342 temperare
1085 1271 1175 1341 debet,
1189 1270 1254 1341 quia
1270 1273 1341 1328 bens
1354 1271 1405 1327 nnc
1426 1271 1485 1327 lieri
1505 1272 1640 1342 probibet.
1658 1273 1714 1329 beo

78 1361 162 1418 sionis
180 1359 298 1415 amittat.
320 1359 444 1428 Quandiu
462 1376 496 1418 ex
510 1362 648 1421 voluntate
666 1348 723 1421 nnn'
738 1368 869 1437 paruerit,
921 1379 987 1435 ergo
1002 1363 1156 1433 peremnia
1171 1363 1282 1419 obediat
1297 1381 1305 1418 z
1322 1363 1434 1433 praelato
1449 1378 1499 1419 suo
1514 1363 1561 1419 Dei
1576 1365 1714 1421 voluntate

78 1462 208 1522 quantum
224 1453 257 1509 ad
269 1467 300 1509 se
311 1454 339 1508 in
354 1455 464 1525 propria
478 1455 619 1514 voluntate
630 1459 754 1528 persistit
767 1477 773 1515 :
787 1474 869 1530 quatu
921 1463 1027 1513 servata
1045 1454 1200 1525 peremnia
1215 1455 1402 1524 obtemperet,
1416 1462 1444 1510 et
1466 1463 1598 1524 quantum
1613 1455 1639 1509 in
1656 1455 1714 1525 ipae

78 1545 105 1599 in
122 1553 254 1616 quantum
268 1546 405 1612 babuerit,
417 1563 483 1605 suus
498 1558 550 1616 est,
570 1566 623 1607 non
640 1551 763 1618 alterius,
789 1552 823 1608 Et
846 1553 869 1608 si
920 1557 973 1618 est,
987 1548 1034 1604 liei
1051 1555 1080 1604 et
1093 1546 1215 1619 magistri
1229 1545 1365 1603 voluntate
1389 1555 1518 1611 serrata,
1542 1562 1605 1602 cum
1626 1547 1715 1603 omni·

77 1648 143 1690 sous
156 1643 209 1699 est,
232 1634 324 1692 videat
343 1651 396 1707 qua
420 1647 564 1709 potestate,
577 1626 680 1711 quibns'
694 1642 789 1708 armis,
810 1642 871 1712 qui·
921 1642 973 1699 bus
995 1638 1153 1697 bominibus
1172 1653 1266 1710 pacem
1290 1638 1399 1694 babeat.
1412 1637 1541 1708 Quisquis
1565 1639 1616 1695 buc
1635 1640 1716 1695 modu

78 1724 129 1781 bus
153 1722 257 1782 viribus
276 1726 310 1783 ab
327 1725 547 1800 impugnantibus
561 1744 590 1787 se
603 1731 751 1788 defendat?
772 1731 870 1788 blitum
923 1735 971 1791 bei
984 1742 1013 1791 et
1026 1730 1138 1801 maioris
1158 1733 1200 1789 sui
1216 1730 1352 1788 voluntati
1377 1730 1503 1787 subditus
1522 1729 1623 1796 luerit,
1650 1741 1716 1788 tutte

78 1823 121 1871 est
131 1816 266 1886 quomodo
281 1817 454 1876 adversarius
469 1820 514 1890 qui
530 1821 629 1878 circuit
641 1837 766 1894 quaerens
788 1838 870 1894 quem
920 1827 976 1884 beo
991 1826 1110 1895 obediet,
1124 1834 1152 1882 et
1168 1840 1230 1882 cum
1253 1825 1366 1896 praelato
1380 1839 1430 1881 suo
1444 1825 1471 1881 in
1496 1824 1553 1881 Deo
1573 1826 1716 1896 paruerit,

78 1904 200 1972 devoret,
217 1906 293 1963 illum
315 1916 344 1966 et
358 1908 434 1965 illum
449 1926 502 1967 non
524 1910 635 1980 invadit,
659 1912 811 1972 invadendo
824 1914 871 1971 de·
920 1931 981 1973 sese
995 1931 1049 1973 non
1065 1930 1144 1972 suum
1160 1915 1207 1972 sed
1220 1914 1268 1971 liei
1283 1930 1344 1971 csse
1362 1913 1525 1971 fiducialiter
1535 1914 1653 1988 allegare
1667 1930 1716 1987 po·

79 1997 169 2068 glutit,
182 1997 354 2070 deglutiendo
372 1999 525 2069 interimit;
542 2001 589 2074 qui
606 2002 678 2059 viam
691 2003 766 2060 vadit
787 2019 871 2076 quaa
922 2006 996 2063 terit.
1012 2005 1095 2076 Cujus
1105 2007 1197 2062 anima
1210 2020 1271 2062 cum
1287 2005 1314 2060 in
1325 2005 1400 2061 exitu
1424 2005 1466 2062 sui
1480 2006 1604 2077 corporis
1622 2005 1715 2073 inerit,

80 2084 230 2143 latronibus
248 2086 397 2156 invenitur,
421 2089 444 2146 si
458 2104 513 2146 nen
526 2091 683 2163 agnoscitur
695 2093 819 2164 exemplo
832 2093 872 2149 in·
921 2097 1037 2155 validam
1064 2111 1174 2155 manum
1204 2096 1406 2154 occursantium
1431 2099 1584 2153 demonum
1605 2111 1659 2153 non
1682 2099 1715 2153 ti·

77 2179 195 2244 veditur,
209 2179 340 2246 tunditur,
355 2180 532 2251 exspoliatur.
549 2181 635 2240 Porro
650 2183 672 2239 si
686 2185 870 2257 cognoscitur,
922 2186 1017 2253 mebit,
1041 2186 1105 2258 qnia
1124 2185 1268 2240 bantinum
1282 2184 1420 2242 Christum
1444 2185 1605 2241 advocatum
1621 2193 1717 2256 poten·

77 2268 125 2325 sed
142 2267 285 2325 Matinum
296 2281 324 2326 et
336 2271 499 2327 advocatum
515 2287 568 2328 non
588 2274 725 2342 babuerit,
740 2275 871 2345 cujusce·
923 2286 977 2333 tem
996 2276 1118 2332 babebit.
1130 2276 1201 2332 Ecce
1220 2276 1285 2346 qnid
1306 2283 1493 2348 quantumque
1506 2275 1570 2331 boni
1585 2276 1715 2331 obedien·

77 2358 197 2415 verentia
208 2365 236 2414 et
256 2358 498 2418 timerelatmttum
513 2364 727 2431 manusevadat,
746 2363 826 2421 veluti
839 2363 871 2420 il·
922 2370 959 2425 tia
976 2367 1105 2440 acquirit.
1121 2367 1190 2424 Cum
1205 2369 1233 2423 iu
1256 2367 1364 2423 ratione
1387 2367 1492 2439 positus
1510 2365 1614 2434 luerit,
1638 2366 1717 2436 cuius

77 2449 132 2504 lum
146 2458 238 2503 amant
258 2458 285 2506 et
302 2449 488 2520 appretiantur
500 2465 531 2509 se
543 2453 644 2510 babent
661 2453 733 2511 circa
752 2469 824 2510 eum.
841 2453 871 2512 Si
921 2461 1003 2517 ltotno
1025 2459 1071 2526 sit,
1087 2459 1158 2515 unde
1175 2458 1284 2525 veniat,
1306 2473 1360 2529 quo
1373 2459 1468 2526 vadat.
1491 2473 1573 2530 quem
1592 2465 1714 2528 querat:

81 2554 130 2595 rex
145 2547 193 2595 aut
204 2537 275 2596 nitus
293 2541 365 2612 tesia
376 2550 427 2606 est,
438 2550 649 2616 autpraepotens
661 2544 771 2614 anquis,
790 2559 823 2601 et
837 2545 872 2601 ti·
922 2551 951 2608 st
967 2551 1099 2608 voluntati
1114 2550 1162 2608 bet
1175 2550 1306 2617 oueutvtt,
1318 2550 1366 2606 net
1382 2565 1412 2608 se
1422 2565 1484 2608 ene
1497 2551 1589 2608 atcere
1605 2551 1716 2624 poterit.

85 2643 163 2686 ntore
179 2629 318 2698 toleratur,
333 2642 488 2691 reverenter
505 2632 649 2703 salutatur,
662 2635 762 2693 illesus
782 2645 872 2707 coepto
922 2641 952 2701 si
963 2658 1028 2701 uero
1041 2644 1069 2699 tn
1083 2657 1133 2699 sua
1147 2642 1287 2698 voluntate
1301 2642 1437 2713 consistit,
1453 2651 1481 2700 et
1496 2643 1532 2700 ob
1551 2644 1602 2701 bec
1617 2645 1665 2701 bei
1688 2652 1717 2701 et

78 2718 176 2779 itincre
195 2722 379 2793 proficiscitur
395 2741 402 2779 ι
420 2724 463 2781 sin
487 2733 576 2783 autem
601 2727 753 2785 denudatur
767 2737 795 2785 et
812 2738 872 2786 tun·
921 2734 1026 2810 praelati
1045 2733 1088 2791 stti
1114 2734 1246 2790 voluntati
1271 2733 1426 2791 contrarius
1447 2734 1598 2801 exstiterit,
1622 2735 1719 2791 menti·

78 2809 161 2867 ditur.
181 2811 237 2881 Sic,
261 2813 369 2884 iratres,
392 2815 432 2871 sic
460 2815 520 2873 sine
534 2818 616 2875 dubio
634 2817 664 2875 tit
685 2820 710 2875 in
729 2821 871 2879 animabus
923 2826 1047 2884 tersiae
1067 2825 1115 2880 liei
1131 2840 1192 2882 esse
1214 2825 1314 2881 dixerit
1339 2825 1460 2896 :quippe
1483 2825 1547 2882 dttrn
1568 2825 1636 2882 vixit
1654 2840 1717 2896 pro·

80 2903 195 2960 nostris.
233 2903 305 2962 Deus
324 2907 496 2978 omnipotens
523 2910 629 2981 paravit
654 2912 733 2970 nubis
759 2929 871 2986 regnum
922 2916 999 2987 prise,
1013 2930 1065 2971 nott
1082 2913 1272 2970 betvotnntatt
1285 2912 1460 2981 visit.Quem
1472 2929 1537 2985 ergo
1556 2915 1716 2970 advocatum

79 3011 170 3063 suum,
195 2996 239 3051 cui
261 2995 284 3052 si
307 2995 419 3053 obedire
439 2997 622 3069 voluerimus,
646 3018 700 3059 non
721 3005 791 3060 servi
822 3005 870 3062 sed
885 3038 908 3101 c
923 3005 1051 3062 babebiti
1066 3004 1107 3060 Ad
1120 3020 1207 3075 ⁸quetn
1223 3002 1289 3060 ibiti
1312 3003 1378 3072 Quis
1397 3005 1423 3059 ei
1445 3004 1547 3061 auxilio
1561 3005 1633 3062 erit?
1647 3002 1718 3071 Quid

79 3087 160 3143 antici
184 3087 245 3160 ejus
267 3095 295 3144 et
309 3087 357 3144 lilii
379 3087 503 3145 dicemur
523 3097 552 3147 et
577 3092 690 3149 crimus.
710 3093 873 3154 0bediemus
924 3097 1220 3172 intetpettabtttcene
1233 3098 1393 3170 lugerenon
1408 3097 1585 3168 poterit,per
1598 3097 1717 3159 meditent

79 3193 144 3251 ergo
165 3177 190 3234 ei
211 3177 235 3235 si
252 3178 400 3250 quidquam
417 3195 479 3237 eum
502 3180 570 3238 velle
586 3183 657 3241 scire
671 3185 819 3255 poterimus
839 3201 873 3242 es
924 3190 964 3247 ire
975 3187 1200 3254 neeesseerit,ad
1211 3187 1295 3243 vitam
1309 3187 1352 3242 vel
1365 3187 1400 3243 ad
1414 3194 1531 3243 mortem
1544 3186 1597 3241 iter
1608 3184 1719 3242 habebit

80 3273 151 3329 bona
174 3273 318 3348 veluntate-
337 3285 431 3333 nostra
447 3286 603 3350 satagemus
623 3281 745 3353 exsequi.
757 3282 830 3340 Bona
846 3292 875 3341 ct
924 3282 967 3340 vel
984 3280 1177 3352 tenebit.ltogo
1189 3294 1241 3351 qua
1250 3287 1395 3349 potestate,
1404 3277 1503 3349 quibus
1516 3276 1619 3334 viribus
1632 3293 1647 3331 a
1661 3293 1720 3331 tna-

79 3365 210 3422 obedicns
224 3366 277 3422 erit
289 3367 413 3425 voluntas
426 3379 531 3440 nostra,
554 3370 576 3428 si
588 3371 647 3442 eius
665 3374 799 3431 voluntati
812 3391 873 3433 eam
924 3372 1005 3428 nibus
1017 3371 1173 3427 invasorum
1184 3369 1288 3426 exibiti
1301 3368 1474 3426 cruciabitur
1483 3368 1609 3435 miser,si
1624 3367 1718 3423 volun-

80 3455 313 3527 supposuerimus,
324 3467 353 3514 et
365 3457 390 3513 ei
406 3457 556 3517 voluntarie
566 3477 663 3532 parere
675 3465 872 3524 curaverimus.
926 3468 991 3526 tatis
1004 3478 1033 3526 et
1045 3465 1161 3524 actionis
1172 3480 1227 3523 suae
1241 3466 1325 3521 ileum
1340 3474 1368 3520 et
1382 3463 1511 3532 majorem
1527 3478 1607 3520 suum
1620 3471 1717 3519 aueto-

80 3545 109 3601 st
129 3546 199 3602 botta
219 3547 358 3603 voluntate
382 3547 488 3604 botnini
511 3550 644 3607 voluntati
666 3555 873 3625 concordemus,
924 3577 983 3619 rem
996 3576 1050 3616 nott
1063 3557 1199 3614 babuerit.
1214 3553 1340 3612 Proiecto
1356 3554 1397 3610 sic
1412 3552 1538 3625 procellis
1554 3553 1720 3609 vitiorumet

80 3635 161 3690 antici
186 3636 355 3704 vocabimur,
380 3636 427 3693 dlii
454 3637 500 3695 Dei
518 3639 677 3698 eliieiemur.
700 3645 777 3714 Quod
799 3656 875 3718 post·
925 3650 1079 3708 incursibus
1092 3648 1243 3703 daemonnm
1256 3644 1425 3716 quatiuntur,
1448 3643 1605 3714 quicunque
1622 3657 1720 3713 aprae-

81 3741 163 3798 qnam
175 3726 301 3784 ellectum
317 3725 411 3795 luerit,
430 3744 526 3787 secure
536 3746 590 3802 quo
603 3733 658 3790 vult
673 3735 712 3792 ire
722 3748 750 3792 et
760 3738 876 3796 transire
926 3742 973 3797 lati
986 3741 1027 3796 sui
1046 3739 1186 3794 vuluntate
1204 3737 1375 3801 aliettantur;
1390 3732 1619 3807 quemadmodum
1634 3748 1719 3788 ttaves

82 3819 191 3890 poterit.
204 3816 274 3875 Nam
294 3836 392 3879 manus
403 3820 538 3878 latronum
552 3822 662 3880 sortium
677 3835 706 3882 et
722 3827 875 3885 daemonum
927 3831 953 3887 itt
966 3829 1036 3885 vado
1048 3828 1172 3884 fervente
1193 3834 1355 3895 tempestate
1369 3828 1516 3896 agitantur.
1532 3823 1600 3879 Nam
1613 3825 1637 3880 si
1651 3824 1720 3879 vado

81 3927 136 3970 non
156 3913 270 3982 timebit,
286 3930 340 3971 non
358 3914 445 3972 malos
460 3929 590 3973 occursus
603 3916 722 3988 pavebit,
746 3919 875 3989 quoniam
925 3920 1041 3994 seopulis
1051 3918 1131 3990 pleno
1143 3916 1221 3989 palus
1233 3924 1360 3987 ponatur,
1375 3916 1419 3971 cui
1434 3916 1597 3976 navesioris
1608 3914 1721 3985 alligen-

82 4018 130 4060 res
145 4004 270 4077 illiusque
285 4006 358 4079 regis
371 4007 433 4063 erit.
448 4005 550 4063 Caveat
562 4022 628 4079 ergo
642 4007 829 4079 uuusquisque
842 4023 876 4065 ne
927 4024 987 4082 tur;
1011 4026 1067 4082 que
1092 4009 1200 4081 longius
1223 4024 1239 4062 a
1265 4007 1327 4079 palo
1351 4007 1464 4074 luerint,
1479 4022 1530 4078 ego
1552 4007 1662 4078 gratius
1677 4005 1719 4061 in-

82 4096 229 4168 quidquam
256 4097 329 4154 aliud
349 4097 424 4168 velit,
445 4098 498 4154 nisi
524 4100 595 4171 quod
614 4108 727 4157 auctore
755 4101 810 4158 lieo
832 4099 876 4158 vel
926 4112 1041 4176 gruente
1053 4108 1216 4173 tempestate
1237 4098 1379 4155 lerientur.
1393 4097 1502 4166 Quanto
1516 4112 1581 4154 sero
1594 4096 1720 4168 proprius

83 4189 218 4260 spirituali
238 4200 314 4261 patre
337 4207 387 4248 suo
402 4191 518 4250 licenter
544 4193 613 4251 velle
625 4196 750 4266 quiverit.
774 4196 875 4252 ilerum
926 4209 1055 4253 connexae
1069 4192 1180 4258 luerint,
1199 4197 1273 4246 tanto
1292 4189 1384 4247 minus
1398 4190 1559 4262 gravitatem
1574 4197 1719 4258 tempesta·

84 4282 192 4339 licentia
208 4282 302 4339 saliere
315 4286 469 4352 censuerim
485 4287 640 4343 obedientia
655 4289 726 4344 euim
740 4298 768 4345 et
782 4288 875 4346 inobe-
927 4288 962 4344 tis
979 4286 1109 4343 sentient.
1135 4283 1181 4341 Sic
1197 4284 1292 4355 utique
1307 4283 1384 4355 quia
1402 4282 1443 4340 sui
1460 4281 1564 4353 praelati
1579 4278 1653 4349 justa
1669 4293 1719 4335 vo·

85 4377 184 4434 dientia
203 4375 341 4433 contraria
366 4385 438 4433 sttnt.
462 4376 563 4433 llaritm
588 4380 675 4436 media
694 4389 736 4438 est
756 4381 873 4441 licentia.
890 4375 1029 4433 bluntate
1042 4374 1186 4441 alienatur,
1199 4372 1293 4446 procul
1305 4371 1427 4429 dubinin
1445 4370 1561 4453 prppria
1575 4369 1722 4427 voluntatis

85 4468 137 4536 Qui
163 4481 228 4539 ergo
244 4464 302 4521 vuit
326 4466 398 4537 quod
421 4464 490 4523 velie
513 4484 566 4524 uon
591 4469 680 4535 debet,
710 4486 760 4528 nec
784 4484 875 4530 tamen
926 4470 1015 4525 studio
1037 4467 1232 4540 periclitatur;
1260 4479 1312 4522 nec
1334 4465 1382 4520 Dei
1409 4463 1542 4521 rolntttati
1572 4463 1722 4527 concerda-

86 4557 877 4633 ipsumvelleuisipraemissusiactovultadimplere;obe·
925 4562 983 4627 bit,
1008 4559 1127 4632 quandiu
1151 4558 1323 4614 avolentate
1342 4556 1438 4612 vicarii
1459 4555 1508 4614 Dei
1533 4555 1722 4613 discordabit:

86 4650 186 4708 dientia
197 4665 278 4722 qnam
298 4650 325 4705 in
341 4651 394 4707 boc
411 4650 550 4723 antplesus
564 4661 616 4718 est,
635 4652 723 4724 ipsum
735 4655 878 4711 excusabit
927 4655 1002 4710 vices
1015 4652 1087 4710 enim
1113 4651 1160 4707 Dei
1183 4649 1317 4722 gerendas
1332 4649 1446 4720 suscipit
1459 4648 1613 4719 quicunque
1630 4649 1658 4704 in
1672 4648 1725 4705 lio·

87 4741 211 4808 iaetum;
231 4744 280 4799 sed
295 4742 364 4799 velle
378 4743 450 4813 quud
468 4752 564 4800 eontra
578 4741 757 4799 obedientiam
772 4745 877 4814 babuit,
928 4745 1012 4802 clesia
1026 4742 1073 4800 liei
1090 4740 1197 4798 eulmen
1208 4739 1373 4812 praelationis
1383 4739 1512 4803 assumta
1533 4747 1561 4795 et
1586 4738 1725 4811 qualicun-

87 4831 277 4904 perlcnlosnm,
294 4832 346 4889 nisi
370 4834 538 4906 paenituerit,
555 4833 607 4891 erit
632 4835 678 4892 ci:
704 4837 774 4907 qued
791 4837 879 4893 nvinus
930 4851 984 4907 que
999 4833 1081 4892 modo
1095 4831 1313 4902 illudsuscipiat,
1327 4831 1372 4888 ille
1385 4831 1487 4887 videat.
1506 4829 1590 4897 Qttem
1613 4829 1724 4898 quidem

88 4923 197 4994 quidam
211 4925 384 4982 attendentes
404 4924 512 4981 licentia
533 4941 604 4996 sape
619 4926 758 4983 lallotttur.
777 4926 881 4984 Caten-
930 4945 983 4985 non
994 4936 1137 4984 estmenm
1146 4922 1279 4992 indicare,
1290 4921 1543 4993 sedejusimperio,
1555 4920 1579 4976 si
1592 4919 1724 4990 injustum

89 5027 129 5071 tes
151 5014 244 5086 itaque
266 5031 299 5073 tte
315 5017 375 5088 plus
396 5031 475 5089 atquo
489 5017 605 5073 lieentia*
629 5018 787 5082 innitentur,
814 5033 880 5090 quo·
930 5007 1726 5082 nottinerit,obtentperare,dicentebomine:Superentire·

90 5109 162 5164 niam
182 5107 291 5179 quidem
306 5107 413 5166 licentia
431 5110 558 5182 quamvis
577 5125 685 5182 poenam
703 5111 812 5177 minuit.
827 5126 881 5168 noo
931 5111 1007 5166 dmm
1022 5107 1108 5180 llegsi
1118 5107 1240 5161 sederent
1252 5102 1352 5160 Scribe
1360 5113 1384 5158 et
1392 5099 1726 5168 Pdnriset'.Quodcamque

89 5215 149 5256 eam
173 5208 263 5255 tamen
279 5215 312 5255 cx
333 5210 389 5257 toto
403 5200 518 5273 repellit
534 5199 645 5258 iioverit
657 5203 720 5275 quia
735 5203 800 5259 nulli
823 5213 883 5259 tan·
933 5216 999 5275 ergo
1010 5199 1133 5257 dixerint
1149 5196 1238 5264 vobis,
1253 5195 1353 5263 iacite;
1367 5208 1430 5264 quae
1447 5200 1539 5246 autem
1552 5188 1667 5257 iaciunt,
1683 5188 1727 5245 ia·

90 5300 147 5348 tum
160 5291 237 5346 timet
251 5291 375 5349 diabolus
392 5293 619 5365 appropinquare,
635 5290 767 5365 quantum
787 5292 824 5349 illi
836 5294 883 5365 qni
934 5310 997 5352 cere
1008 5293 1100 5350 nolite.
1112 5291 1147 5349 Et
1160 5287 1309 5362 Apostolus
1321 5287 1359 5342 ait
1368 5293 1379 5341 ¹:
1395 5284 1435 5340 Tu
1447 5285 1506 5358 quis
1526 5299 1553 5338 ts
1563 5281 1609 5353 qui
1617 5281 1730 5353 jndices

89 5395 108 5438 a
130 5380 267 5440 voluntate
281 5383 384 5453 praelati
406 5385 447 5440 sui
478 5400 617 5455 nunquam
637 5386 695 5442 vult
719 5387 882 5457 discrepare.
935 5390 1050 5446 alienum
1064 5404 1177 5444 tersum.
1199 5385 1253 5443 Stto
1267 5384 1373 5438 domino
1394 5389 1445 5436 stet
1466 5389 1512 5435 ant
1529 5379 1611 5445 cadit,
1627 5388 1652 5434 et
1675 5394 1728 5434 nen

90 5472 159 5530 llam
180 5474 251 5532 sieut
270 5475 315 5531 iur
328 5477 373 5548 qni
388 5476 493 5532 iuratur
510 5476 549 5532 illi
565 5478 658 5548 quise
681 5494 696 5534 a
718 5481 759 5536 sui
779 5479 885 5551 praelati
937 5493 975 5538 cst
986 5492 1100 5554 potestus
1113 5483 1193 5537 nisis
1213 5480 1278 5546 Deo,
1290 5491 1350 5549 qnoe
1362 5483 1450 5530 natent
1467 5490 1484 5530 s
1499 5471 1553 5528 Dm
1567 5480 1639 5540 sunt,
1654 5474 1728 5527 ertit·-

91 5567 248 5636 cognitione
268 5567 340 5625 celat
361 5568 546 5626 indubitanter
559 5585 642 5642 prava
657 5586 728 5642 scope
754 5573 883 5645 suggerit.
939 5583 1001 5629 note
1015 5582 1088 5627 sttnt.
1108 5571 1161 5640 Qtti
1178 5585 1239 5642 ergo
1252 5566 1374 5640 potestati
1385 5564 1492 5632 resistit,
1505 5561 1554 5618 liei
1567 5561 1729 5619 ordinationi
1785 5627 1796 5645 ·

94 5658 134 5717 illi
149 5674 215 5718 vcro
230 5659 277 5732 qui
298 5674 327 5719 se
342 5660 454 5732 praelato
469 5662 558 5733 qualis
579 5664 614 5720 sit
629 5664 758 5731 ostendit,
774 5664 835 5736 qnia
851 5664 885 5722 ab
939 5663 1045 5739 resistit.
1064 5662 1096 5719 Et
1111 5661 1175 5719 alibi
1191 5678 1197 5716 ;
1215 5657 1336 5725 tratres,
1353 5654 1432 5713 nolite
1449 5652 1540 5746 piem
1554 5652 1676 5725 magistra
1690 5649 1729 5720 ei·
