3690 6008
54 266 103 320 rav
159 246 163 253 “
733 258 999 316 transmaro-,vos
1633 271 1686 329 rsa

90 378 168 433 lim.
188 377 226 434 Te
239 378 334 450 igitur,
351 379 562 436 elenrentissiuve
584 378 670 443 Deus,
694 380 789 434 invoco
812 380 840 433 in
855 380 878 437 Α
891 391 937 432 ves
959 376 1080 433 omnium
1105 379 1235 434 fronnrom
1264 379 1379 452 dapum,
1401 398 1526 455 supernae
1550 384 1686 448 satietatis

54 468 173 522 avrinvarn
187 482 284 536 naemu,
297 484 378 538 quam
391 483 527 540 praeparas
540 468 574 524 ad
587 467 747 539 capiendum
762 476 800 534 te,
811 483 845 524 ex
896 468 1099 539 opulentissime
1116 470 1229 541 largitor
1243 471 1324 536 Deus,
1335 473 1369 528 da
1388 480 1460 531 tasso
1475 477 1576 543 cibum,
1591 479 1687 552 colligo

52 560 188 617 desiderio
205 561 276 630 quod
297 562 414 632 inspiras
432 563 467 618 ei.
488 563 572 628 intra,
591 576 672 634 rogo,
691 563 718 617 in
733 577 805 628 eam,
819 569 847 618 et
896 559 1059 630 dispersum,
1082 560 1167 616 libera
1183 563 1317 631 captivum
1339 571 1367 618 et
1387 565 1539 636 redintegra
1561 569 1686 625 scissum.

53 659 151 720 coapta
165 665 225 705 eam
242 649 302 717 tihi,
315 660 345 706 ut
366 652 506 722 possideas
520 652 594 707 illam
614 666 695 723 quam
710 651 798 708 fecisti
819 660 847 707 et
896 650 936 706 En
946 660 1002 706 stat
1015 653 1049 708 ad
1063 653 1162 708 ostium
1176 663 1203 709 et
1215 653 1314 723 pulsat.
1326 653 1446 712 Obsecro
1461 671 1509 727 per
1521 659 1625 714 viscera
1637 660 1688 714 mi-

52 739 191 806 refecisti;
208 749 237 795 ut
252 741 366 797 oaoesrn
388 751 414 797 te
427 743 501 797 velut
523 741 693 813 signaculum
707 756 847 813 supereor
896 744 1051 801 sericordire
1071 754 1133 811 tons,
1152 745 1247 813 quidne
1275 747 1389 802 visitasti
1411 764 1459 803 nos
1479 749 1613 805 arienses
1633 750 1687 807 olto

53 832 270 900 meumdueso,
282 833 413 902 piissime,
426 833 596 891 invocantem
612 842 640 891 te
653 849 706 890 non
718 835 845 900 deseras;
897 836 974 908 (due.
989 854 1008 903 v,
1024 837 1080 908 78),
1091 838 1157 908 jube
1169 838 1287 908 pulsanti
1307 841 1406 896 misero
1418 843 1527 912 aperiri,
1542 852 1572 899 ut
1595 843 1688 902 liberis

52 922 117 991 qnia
133 922 290 993 priusquam
308 931 335 977 te
349 923 514 990 invocarem,
533 939 576 981 me
589 914 690 981 vocasti
707 933 735 979 et
751 922 848 993 quaesi·
896 927 1032 997 gressibus
1048 926 1215 997 ingrediatur
1225 927 1257 982 ad
1271 935 1307 991 te,
1317 938 1344 984 et
1357 930 1510 1001 requieseat
1523 932 1549 987 iu
1564 941 1635 1000 te,et
1647 950 1688 990 ro·

52 1011 98 1075 sti,
115 1020 143 1066 ut
156 1027 206 1083 ego
228 1027 325 1068 servus
343 1019 404 1069 tuus
423 1023 450 1069 te
470 1029 632 1083 quaererem,
651 1012 797 1087 quaerendo
809 1014 848 1069 in·
898 1016 1005 1072 iveiatur
1020 1018 1053 1073 de
1068 1026 1095 1073 te
1107 1018 1289 1088 pavmruclesti
1306 1037 1312 1071 :
1328 1029 1355 1074 tu
1371 1021 1443 1076 enim
1454 1023 1572 1094 espanis
1586 1035 1613 1080 et
1627 1024 1688 1083 fons

52 1102 184 1166 uenirem,
196 1111 224 1157 et
238 1103 375 1159 inventum
389 1119 521 1160 amarem.
533 1103 650 1171 Quasivi
661 1113 688 1159 et
702 1104 792 1159 inveni
809 1113 847 1169 te,
897 1107 971 1173 vitae,
986 1116 1015 1162 tu
1030 1107 1119 1163 lumen
1142 1109 1276 1165 claritatis
1299 1118 1416 1179 aeternas,
1429 1119 1457 1167 ιιι
1479 1112 1570 1169 omnia
1583 1129 1614 1171 ex
1627 1116 1690 1187 qui·

53 1192 179 1259 Domine,
192 1202 219 1247 et
233 1210 325 1249 entare
336 1195 470 1251 desidero.
481 1196 557 1267 Ange
567 1195 730 1252 desiderium
746 1209 847 1261 meum,
898 1200 950 1256 bvvs
962 1200 1056 1254 vivunt
1070 1201 1135 1256 reeti
1148 1202 1194 1271 qni
1206 1201 1323 1272 diligunt
1340 1210 1376 1257 te.

52 1291 82 1339 et
105 1285 138 1338 da
157 1286 229 1355 quod
252 1293 329 1355 peto;
347 1286 475 1356 vqrvoniam
502 1287 524 1341 si
545 1294 644 1341 cuncta
666 1301 726 1356 quoe
754 1283 844 1342 fecisti
933 1291 968 1347 ll
982 1291 1027 1345 ⁷⁸⁸.
1048 1290 1220 1347 fieuslutneu
1239 1292 1361 1347 cordium
1382 1293 1619 1361 tevidentium,et
1632 1297 1688 1353 vita

54 1377 121 1432 mihi
151 1377 269 1445 dederis,
289 1394 341 1433 non
363 1376 460 1433 suflicit
479 1393 558 1435 seruo
579 1387 638 1443 tuo,
659 1379 711 1434 nisi
732 1378 847 1449 teipsum
899 1383 1050 1438 animarum
1066 1393 1092 1438 te
1109 1383 1268 1448 aumatium,
1288 1393 1316 1438 et
1338 1383 1424 1439 virtus
1444 1385 1639 1456 cogitationum
1662 1396 1689 1443 te

53 1468 171 1525 dederis.
191 1469 227 1523 lia
249 1485 314 1542 ergo
334 1470 449 1540 teipsum
474 1471 639 1538 nrilri,1)eus
658 1485 734 1526 meus
746 1487 754 1537 ;
766 1470 849 1525 redde
899 1473 1129 1542 quaerentiumda
1143 1481 1172 1527 ut
1183 1480 1278 1528 sancto
1291 1481 1335 1527 tuo
1346 1474 1432 1529 evnori
1445 1475 1689 1543 inhereamveni,

54 1571 83 1616 te
95 1561 218 1617 miltiEo
232 1577 293 1618 antu
307 1569 345 1629 te;
362 1571 388 1617 et
402 1564 530 1633 siparum
550 1574 602 1630 est,
618 1579 706 1620 aretem
722 1563 847 1620 validius.
899 1579 975 1635 rogo,
998 1565 1024 1619 in
1047 1579 1093 1619 cor
1109 1580 1209 1630 meum,
1227 1574 1255 1620 ot
1275 1567 1310 1621 alr
1326 1567 1451 1623 ubertate
1467 1567 1613 1638 voluptatis
1637 1578 1690 1626 iuss

55 1650 107 1708 'frvi
133 1668 199 1723 ergo
222 1668 315 1709 nnrnre
341 1663 451 1720 teneor,
470 1656 507 1710 tui
534 1656 669 1712 desiderio
693 1654 788 1725 flagro,
809 1656 847 1711 tui
900 1655 1003 1711 inebria
1032 1654 1112 1722 illud,
1128 1666 1158 1712 ut
1179 1655 1325 1712 obliviscar
1347 1657 1397 1711 ista
1419 1658 1587 1727 temporalia.
1604 1658 1691 1715 Pudet

56 1742 129 1797 dulci
146 1743 274 1798 mentoris
302 1743 434 1800 delector.
454 1745 523 1801 Eece
546 1745 610 1801 dum
628 1747 676 1802 tibi
694 1762 771 1803 mens
787 1762 848 1804 rnea
863 1732 886 1794 Β
899 1762 931 1803 ac
948 1747 1021 1818 piget
1033 1762 1077 1803 rne
1093 1747 1155 1803 talia
1166 1749 1233 1817 pati,
1248 1747 1338 1818 qualia
1354 1748 1471 1804 mundus
1486 1750 1537 1805 iste
1549 1750 1615 1822 agit.
1631 1749 1691 1806 Tri·

56 1834 187 1906 suspirat,
211 1845 238 1892 et
263 1845 336 1892 tuam
358 1835 521 1893 ineffabilem
543 1837 671 1908 pietatem
690 1839 847 1907 meditatur,
900 1843 941 1891 ste
955 1844 998 1892 est
1011 1836 1077 1891 rnilvi
1097 1837 1168 1905 quod
1183 1837 1270 1900 rideo,
1292 1851 1375 1905 grave
1393 1846 1435 1892 est
1457 1853 1538 1894 omne
1560 1839 1632 1910 quod
1657 1840 1692 1896 de

56 1923 115 1994 ipsa
128 1926 217 1981 carnis
236 1926 341 1982 sarcina
368 1926 457 1983 minus
469 1938 576 1998 gravat,
587 1928 781 1998 cogitationum
808 1938 850 1983 tu·
901 1926 1067 1983 transitoriis
1081 1927 1170 1982 audio.
1191 1926 1362 1996 adiuvans,
1377 1928 1490 1985 liomine
1510 1929 1581 1987 fieus
1599 1945 1690 1996 meus,

56 2014 160 2072 multus
182 2027 280 2084 cessat,
298 2017 403 2088 pondus
429 2018 604 2075 mortalitatis
628 2028 656 2074 et
677 2007 849 2076 iniseriornm
901 2019 972 2074 etda
988 2019 1110 2076 laetitiam
1127 2020 1153 2075 in
1167 2023 1249 2076 eorde
1264 2035 1335 2087 nveo,
1350 2022 1457 2077 veniad
1477 2036 1521 2078 me
1539 2033 1568 2077 ut
1586 2023 1691 2080 videam

57 2118 134 2160 more
157 2106 236 2162 solito
249 2122 302 2162 non
329 2108 449 2176 hebetat,
467 2109 547 2164 silent
569 2118 683 2176 cuneta,
706 2110 850 2181 tranquilla
902 2120 937 2166 te.
952 2112 1004 2168 Sed
1015 2123 1128 2183 angusta
1145 2121 1188 2168 est
1200 2113 1265 2168 rutilii
1278 2113 1374 2168 domus
1387 2115 1484 2169 atrimae
1499 2129 1576 2179 rnese,
1590 2130 1691 2185 quous·

57 2205 123 2252 sunt
138 2199 239 2254 omnia.
253 2198 306 2256 Cor
319 2201 407 2266 ardet,
423 2202 531 2257 animos
545 2201 654 2274 gaudet,
666 2202 796 2258 memoria
811 2202 851 2256 vi·

57 2297 116 2359 get,
130 2288 283 2346 intellectus
295 2289 377 2358 lucet,
391 2300 419 2346 et
440 2299 512 2347 totns
531 2291 643 2362 spiritus
660 2307 693 2346 ex
716 2290 852 2347 desiderio

59 2381 173 2438 visionis
199 2393 251 2438 tuae
275 2383 615 2458 accensos,invisilrilium
638 2397 732 2438 amore
749 2384 805 2452 rapi
821 2398 852 2438 se

59 2474 144 2529 sidet.
158 2475 287 2530 assumat
300 2477 411 2548 spiritus
424 2492 500 2533 tneus
515 2493 622 2548 pennas
636 2485 665 2530 ut
679 2474 787 2544 aquilre,
805 2491 852 2529 vu·

58 2566 97 2623 let
111 2576 139 2624 et
152 2583 205 2623 non
217 2569 324 2624 deficiat
339 2586 347 2639 ;
365 2570 446 2634 volet,
458 2579 486 2625 et
499 2571 640 2640 perveniat
656 2568 787 2640 usquead
803 2568 848 2622 de·

59 2674 154 2716 corero
177 2660 273 2717 domos
288 2669 350 2727 tna,
371 2671 399 2717 et
418 2662 543 2718 thronum
564 2661 656 2733 gloriae
678 2671 729 2718 tum
743 2679 751 2715 ι
765 2670 794 2717 et
815 2661 851 2716 ioi

59 2767 143 2825 super
157 2769 276 2809 mensam
288 2752 444 2811 refectionis
456 2756 554 2811 civium
572 2770 748 2827 supernorum
759 2769 854 2824 pascn-

61 2853 107 2899 tur
127 2846 161 2900 de
175 2844 261 2900 oculis
277 2846 329 2900 tuis
350 2845 376 2900 in
393 2845 452 2902 loco
476 2862 582 2917 pascuae
592 2845 670 2917 juxta
683 2844 783 2902 fluenta
798 2844 854 2916 ple·

61 2933 184 2991 nissima.
202 2935 241 2990 Tu
256 2945 314 2991 esto
334 2936 479 2994 exsultatio
497 2948 600 3004 nostra,
613 2937 659 3009 qui
678 2952 709 2993 es
723 2953 785 3008 spes
802 2953 852 2993 no-

902 2219 955 2273 que
968 2203 1061 2258 venias
1076 2203 1109 2259 ad
1128 2219 1200 2272 enm,
1216 2211 1244 2259 et
1264 2204 1392 2260 dilatetur
1411 2220 1426 2258 a
1443 2216 1479 2260 te.
1502 2204 1622 2261 liuinosa
1639 2217 1690 2272 est,

902 2295 1061 2352 retieeeam.
1073 2293 1160 2350 llairel
1173 2295 1288 2366 plurima
1299 2310 1359 2365 quse
1372 2293 1610 2352 offendantoeulos
1621 2309 1690 2366 tuos,

903 2384 990 2441 fateor
1002 2397 1029 2441 et
1041 2385 1115 2452 scin;
1131 2384 1179 2440 sed
1198 2385 1260 2455 quis
1280 2385 1420 2440 nrnrrdabit
1434 2400 1508 2452 earn,
1521 2396 1568 2443 ant
1588 2387 1632 2444 cui
1653 2389 1693 2442 at-

904 2476 953 2531 teri
963 2485 1061 2547 praeter
1073 2484 1099 2531 te
1113 2475 1235 2531 clamabo
1248 2475 1261 2529 l
1276 2476 1313 2530 At
1331 2476 1439 2531 occultis
1449 2479 1512 2532 rnet‘s
1528 2480 1626 2533 inundo
1640 2494 1691 2543 me,

904 2567 1024 2634 Domine,
1039 2575 1063 2621 et
1080 2567 1112 2620 ao
1131 2565 1224 2620 olienis
1241 2582 1317 2636 parce
1332 2581 1404 2620 seruo
1425 2576 1480 2621 tuo.
1510 2566 1597 2638 (l'soi.
1614 2585 1692 2635 svnt,

905 2660 962 2731 fd.)
975 2659 1030 2715 fae
1040 2673 1094 2725 nte,
1103 2657 1190 2715 duleis
1201 2657 1317 2721 Cin-iste,
1327 2656 1396 2713 bone
1405 2657 1481 2728 iesu,
1492 2656 1535 2716 iac
1547 2674 1602 2725 me,
1616 2674 1693 2732 rogo,

905 2765 997 2806 amore
1011 2757 1040 2806 et
1053 2749 1189 2806 desiderio
1203 2749 1240 2807 tui
1250 2749 1384 2818 deponere
1398 2764 1467 2805 onus
1482 2750 1633 2806 carnalium
1647 2733 1695 2807 de'·

905 2841 1079 2909 sidenorum,
1091 2850 1119 2897 et
1142 2850 1310 2896 terrenarum
1331 2841 1622 2912 concupiscentiarum.
1641 2842 1695 2898 lio-

905 2933 1024 2991 minetur
1042 2933 1120 2989 carni
1139 2933 1245 2995 anima,
1262 2931 1360 2988 animae
1384 2933 1470 3000 ratio,
1490 2934 1588 2992 rationi
1607 2936 1695 3006 gratia

60 3033 129 3091 stra,
144 3024 216 3081 salus
232 3032 313 3096 atque
330 3026 490 3098 redemptio.
513 3027 552 3082 Tu
567 3037 626 3084 esto
640 3037 762 3084 nostrum
785 3043 852 3099 gau·
907 3033 962 3091 tus,
977 3027 1075 3080 ettuas
1089 3039 1133 3080 me
1154 3022 1269 3077 interius
1283 3030 1311 3077 et
1323 3023 1443 3079 exterius
1456 3024 1541 3082 subdu
1552 3026 1695 3084 voluntati.

61 3116 149 3186 dium,
164 3119 209 3187 qui
232 3132 262 3174 es
281 3118 386 3175 futurus
400 3119 551 3190 proemium.
567 3119 605 3177 Te
630 3135 737 3193 semper
749 3131 853 3191 quaerat
904 3116 1006 3174 Tribus
1020 3116 1087 3172 milri
1104 3125 1133 3170 ut
1150 3115 1240 3171 laudet
1255 3121 1281 3168 te
1292 3127 1340 3171 oor
1357 3130 1458 3179 meum,
1473 3124 1501 3169 et
1512 3114 1602 3188 lingna
1622 3131 1694 3181 mea,

61 3207 153 3263 anima
168 3223 238 3277 men,
254 3219 282 3264 et
295 3219 322 3265 tu
346 3221 443 3281 praesta
457 3222 487 3268 ut
500 3215 645 3285 qiiaerendo
666 3229 719 3270 non
735 3213 852 3271 deficiat.
903 3219 931 3265 et
942 3209 1032 3265 omnia
1046 3224 1108 3265 osso
1121 3223 1193 3264 meo.
1207 3209 1294 3263 Dilata
1310 3217 1427 3265 mentem
1446 3222 1546 3275 meam,
1562 3217 1590 3265 et
1602 3209 1695 3265 attollo

97 3298 131 3355 lli
142 3300 187 3355 ⁷¹¹.
197 3300 242 3357 Vn
258 3302 363 3363 misere
374 3305 485 3361 animae!
498 3305 704 3377 qumenistum
715 3321 767 3363 non
781 3321 854 3378 qun·
904 3301 1033 3356 intuitum
1055 3299 1145 3356 cordis
1169 3300 1233 3368 nvei,
1246 3308 1276 3355 nt
1292 3298 1335 3355 vel
1358 3299 1451 3369 rapida
1465 3298 1628 3368 cogitatione
1640 3301 1697 3371 spi·

63 3389 162 3445 ritnec
185 3394 360 3456 ametando
384 3404 476 3451 manet
498 3407 525 3450 et
545 3397 654 3452 misera.
668 3395 760 3454 Perdit
782 3398 854 3468 quod
906 3394 973 3448 ritus
1000 3407 1076 3448 meus
1095 3392 1212 3463 attingat
1232 3400 1258 3446 te
1276 3399 1406 3446 aeternam
1430 3388 1590 3460 sapientiem
1614 3405 1697 3463 super

63 3483 141 3548 vviri,
155 3484 201 3554 qur
225 3493 251 3540 re
266 3486 350 3542 neum
366 3503 419 3542 non
432 3488 529 3560 urrrgrr.
543 3488 594 3556 our
606 3491 785 3546 curaturos
799 3508 853 3546 tion
905 3482 1307 3540 onniannneuvem.1>isso¹ve
1320 3495 1444 3548 nemo,
1461 3498 1477 3537 a
1494 3482 1611 3539 vinculis
1637 3483 1697 3553 quv-

62 3585 224 3648 propterte,
242 3581 366 3648 Domine,
382 3579 554 3643 rtilvilest,et
576 3595 625 3650 pro
637 3580 722 3638 nihilo
734 3590 786 3638 est.
802 3581 853 3650 Ωιι)
905 3574 956 3631 ltus
980 3575 1144 3632 constrictos
1164 3585 1276 3640 teneor,
1298 3583 1328 3629 ut
1352 3573 1507 3644 relinquens
1532 3573 1625 3629 omnin
1644 3572 1697 3629 ista

64 3671 114 3728 tibi
129 3672 219 3729 vivere
231 3683 349 3738 recusat,
366 3684 488 3729 mortuns
505 3686 557 3731 est.
573 3675 624 3743 Qui
639 3674 686 3731 tilri
701 3691 754 3731 non
772 3677 854 3745 sapit,
907 3669 955 3723 libi
976 3666 1103 3724 festinem
1117 3667 1176 3734 '⁸⁸2'
1189 3667 1236 3723 libi
1255 3667 1305 3722 ⁸0¹3
1326 3666 1484 3731 lssbaefeimi
1508 3664 1558 3721 libi
1577 3665 1628 3723 ⁸0¹1
1653 3667 1697 3722 ln·
1774 3664 1777 3669 ’

64 3762 174 3834 desipit.
187 3764 449 3831 llisericordissime,
466 3766 514 3822 tibi
535 3782 577 3821 nre
589 3766 761 3832 commendo,
774 3767 857 3822 reddo
908 3760 1025 3816 tendam.

64 3866 93 3912 et
108 3858 237 3924 concedo,
253 3873 301 3929 per
316 3876 395 3932 quern
411 3876 481 3926 sum,
496 3859 556 3914 vivo
570 3867 598 3914 et
610 3858 695 3930 sapio.
709 3857 738 3914 ln
754 3867 780 3913 te
792 3872 858 3913 eon·
930 3847 1698 3922 mim.Fettxanima,quaternionesotuncsree·

66 3949 131 4017 fido,
152 3964 230 4020 spero
248 3960 275 4006 et
296 3960 379 4008 totam
406 3968 482 4023 spem
500 3966 587 4007 meam
604 3964 690 4020 pono,
704 3964 753 4021 per
775 3964 858 4021 quem
909 3958 939 3998 re
950 3943 1034 3998 libera
1047 3939 1231 4011 eoelumpetit,
1244 3954 1304 4011 quae
1318 3948 1344 3995 te
1353 3936 1540 3994 dulcissimum
1554 3937 1698 3994 Dominum

66 4055 217 4112 resurgam,
232 4044 319 4098 vivam
333 4052 361 4100 et
377 4043 556 4115 requiescam.
579 4042 618 4096 Te
631 4042 721 4111 cupio,
735 4041 817 4112 diligo
831 4049 860 4095 et
908 4035 978 4092 facie
991 4035 1024 4091 sd
1040 4032 1137 4091 faciem
1152 4032 1252 4097 cernit,
1265 4047 1326 4102 quae
1339 4030 1413 4087 nulfo
1428 4037 1501 4086 metu
1519 4030 1617 4087 rnortis
1639 4028 1700 4086 edi·

66 4134 170 4200 adoro;
194 4149 254 4190 curu
277 4150 330 4206 quo
357 4137 480 4202 manebo,
502 4134 619 4206 regnabo
641 4144 670 4190 et
684 4134 781 4190 beatus
799 4148 857 4189 ero.
910 4119 1697 4194 citur·wide1⁰0⁰ff⁰lili⁰¹¹0leil²¹¹¹28¹⁰liae¹²¹²i⁰ss

66 4227 165 4282 Artivna
180 4243 241 4297 quse
261 4238 289 4284 te
309 4244 361 4283 non
378 4229 476 4299 quaerit
495 4243 545 4283 nec
558 4225 656 4297 diligit,
670 4226 800 4282 mundum
816 4225 859 4282 di·
912 4216 1070 4289 Tranquilla
1085 4224 1128 4273 est
1138 4224 1166 4272 et
1176 4229 1284 4283 secura,
1295 4213 1353 4285 lam
1369 4228 1423 4270 non
1440 4212 1516 4269 timet
1528 4212 1634 4269 nostem
1649 4221 1700 4266 nee

66 4318 135 4390 figit,
151 4319 271 4388 peccatis
293 4320 377 4374 servit
391 4329 419 4373 et
433 4318 506 4374 vitiis
519 4319 640 4390 subjecta
654 4326 705 4385 est,
721 4333 859 4389 nunquam
911 4321 1037 4369 mortem.
1052 4309 1140 4367 llalret
1158 4317 1185 4366 te
1199 4307 1271 4378 pium
1286 4306 1439 4372 Dovrrinum,
1451 4319 1532 4374 quem
1543 4303 1588 4359 diu
1603 4301 1702 4373 qnest-

65 4411 237 4482 quiescit'⁸²,
249 4425 388 4481 nunquam
399 4425 494 4466 secura
503 4419 553 4466 est.
562 4408 718 4465 famuletur
728 4410 774 4465 titii
789 4425 859 4465 senr·
876 4415 898 4470 1)
913 4407 960 4469 vit,
985 4414 1148 4474 semperque
1160 4399 1273 4465 arnavit,
1293 4395 1457 4469 hymnidicis
1471 4392 1574 4451 sociata
1592 4393 1700 4455 oltoris.
1724 4395 1726 4401 '

67 4521 117 4576 per
130 4521 207 4561 mens
220 4520 291 4572 mea,
308 4504 438 4576 piissime.
451 4503 576 4575 Suspiret
591 4503 638 4560 viui
659 4517 766 4575 semper
780 4516 858 4572 pere·
910 4495 1037 4567 vrvelliflna
1056 4503 1193 4566 perpetuae
1213 4490 1369 4548 festivitatis
1394 4487 1516 4544 carmina
1543 4484 1578 4542 ad
1596 4483 1702 4541 faudem
1754 4525 1763 4543 ι

67 4600 187 4671 grinatio
207 4614 279 4665 meu,
293 4600 387 4654 ardeat
408 4597 435 4652 in
459 4610 552 4654 amore
569 4596 606 4651 tui
621 4610 670 4652 eor
691 4608 791 4649 arreum.
807 4592 860 4650 fle·
910 4591 1004 4662 gloriae
1033 4598 1097 4654 tue,
1123 4586 1180 4641 ¹¹⁰¹
1195 4582 1304 4641 curisve
1328 4582 1400 4637 ΝΜ
1423 4578 1498 4649 Ῐθῧΰι
1522 4577 1550 4633 ⁵¹¹
1569 4585 1702 4632 aeoernnm

67 4691 190 4761 quiescat
201 4690 229 4745 in
244 4699 281 4754 te,
295 4691 366 4745 Deus
377 4703 464 4752 meus,
476 4688 566 4742 anima
581 4682 860 4753 mea,contenrpletur

67 4792 95 4839 te
111 4783 137 4836 in
154 4783 252 4837 mentis
264 4796 389 4846 excessu,
404 4788 495 4838 carnot
510 4779 604 4834 laudes
620 4775 859 4848 tuasjulrilatione,

68 4885 97 4931 et
110 4876 167 4928 time
181 4873 256 4927 sitin
273 4873 324 4929 froc
338 4873 434 4930 exsilio
449 4886 509 4928 meo
531 4869 681 4928 consolatio
703 4882 774 4924 ntea.
788 4865 861 4923 Con-

70 4964 156 5036 fugiat
170 4979 246 5021 mens
260 4980 319 5021 mea
334 4966 384 5023 sub
394 4968 489 5022 umbra
502 4965 604 5020 alarum
618 4973 726 5020 tuarum
741 4959 776 5016 ab
789 4959 863 5015 aesti-

71 5061 122 5116 fms
136 5057 329 5130 cogitationum
350 5057 441 5113 saeculi
457 5057 546 5128 hujuss.
565 5055 701 5125 Repausst
714 5054 742 5108 in
761 5062 787 5108 te
811 5065 860 5109 cot

71 5169 174 5222 nteom,
188 5170 236 5211 eor
248 5168 322 5211 mare
348 5165 486 5221 magnum,
506 5159 613 5204 tumens
634 5140 805 5203 destinasti
820 5142 863 5201 di·

912 4680 1042 4738 concinit.
1060 4678 1214 4734 lnelniatur
1227 4673 1300 4730 enim
1321 4672 1355 4728 ab
1375 4671 1500 4725 ubertate
1526 4667 1623 4722 domus
1639 4673 1702 4729 tuae,

913 4782 941 4829 et
956 4775 1077 4828 torrente
1089 4765 1236 4837 voluptatis
1248 4772 1300 4819 tua
1309 4770 1387 4835 potas
1396 4775 1456 4818 eam
1466 4756 1553 4829 (Psoi.
1565 4771 1649 4822 xxxv,
1662 4752 1703 4824 9).

915 4862 993 4918 felix·
1016 4860 1134 4915 societas
1159 4868 1339 4927 supernorum
1352 4852 1465 4916 civium,
1476 4858 1505 4904 et
1514 4846 1631 4920 gloriosa
1655 4858 1703 4900 so·

915 4951 1044 5010 lemnitas
1059 4948 1180 5004 omnium
1193 4945 1227 5001 ad
1244 4954 1271 5001 te
1285 4943 1455 5000 redeuntium
1465 4940 1500 4995 ab
1510 4937 1589 5007 huius
1604 4943 1704 4991 nostrae

913 5041 1141 5117 peregrinationis
1164 5039 1236 5094 tristi
1262 5036 1356 5092 labore
1376 5036 1410 5090 ad
1435 5031 1619 5088 anroenitstem
1645 5023 1704 5095 pni-

913 5134 1084 5200 claritudinis,
1092 5132 1125 5186 ad
1140 5130 1339 5187 formositatem
1353 5126 1434 5182 totius
1444 5119 1606 5192 splendoris,
1622 5123 1712 5185 atque

765 5318 882 5378 infimi
901 5311 1103 5376 tecttonss.

106 5453 144 5490 ⁷¹⁰
174 5452 237 5508 Car.
265 5451 292 5505 Ξ.
318 5449 352 5505 ln
371 5446 444 5504 Scor.
469 5444 553 5514 Caput
577 5443 604 5499 5.
635 5442 673 5496 lie
698 5438 832 5494 desiderio
859 5435 957 5492 enimse
981 5429 1098 5486 sitientis
1123 5426 1207 5482 Deam
1258 5420 1293 5454 '¹¹
1318 5420 1383 5478 Cer.
1411 5416 1438 5471 3.
1458 5412 1490 5469 ln
1516 5411 1591 5469 Sem.
1619 5406 1705 5479 Caput

72 5526 101 5582 δ’
127 5526 166 5581 De
180 5522 287 5577 misem
302 5521 400 5575 anim
408 5532 483 5644 ggii.
495 5514 580 5654 Regu
593 5511 622 5639 ἒ.
633 5510 672 5636 ge.
686 5515 1022 5635 tllgsi'dssrllima'niffiflufff
1024 5508 1092 5623 ¹1Titii
1105 5565 1230 5624 festinem
1240 5565 1267 5618 in
1280 5560 1353 5619 Sonr.
1375 5557 1420 5613 tibi
1435 5555 1552 5612 serviam
1589 5548 1625 5582 '⁸¹
1638 5549 1704 5606 fus.

74 5598 163 5722 genista
200 5591 309 5648 Μῶν.
324 5590 351 5646 l.
363 5588 397 5644 fn

1079 5496 1115 5529 ’¹’
1130 5494 1272 5567 Nunquam
1284 5488 1400 5558 quiescit
1419 5487 1447 5540 in
1466 5482 1540 5539 som.
1565 5492 1705 5548 „unquam

95 5667 149 5722 ‚ln
171 5664 243 5721 Son.
257 5660 342 5733 Caput
359 5660 385 5720 t·
402 5659 439 5717 oe
453 5656 594 5716 faelicitate
608 5653 731 5712 animes
754 5657 861 5705 terreno
874 5656 986 5706 carcere
1004 5639 1128 5697 resolute
