3690 6008
106 229 160 285 ‘toa
800 217 1065 277 declinatorias.
1690 218 1741 276 iat

107 351 206 394 rnurrus
220 334 278 404 eltis
292 332 385 399 tuisse,
397 331 469 402 quod
479 331 586 388 educati
600 346 614 386 a
629 333 789 403 parentibus
801 332 901 388 luimus
916 337 938 396 Α
953 332 1024 401 quod
1038 330 1187 402 lugientem
1200 337 1358 402 persecutus
1374 336 1426 395 est,
1441 329 1569 385 metuenti
1583 326 1736 387 blandieba·
1817 348 1821 355 ¹

107 426 279 484 Cbristmnis.
295 423 371 491 Quod
387 437 436 478 nos
457 421 564 477 bamma
580 437 631 476 non
645 421 725 489 lesit,
742 421 813 491 qtrod
826 435 896 491 aqua
948 433 1003 489 tur,
1019 425 1090 493 qnod
1111 423 1198 479 erexit
1219 424 1246 478 in
1269 437 1343 494 spem
1360 422 1441 478 totius
1461 421 1644 491 desperatum,
1668 424 1739 492 guod

105 536 160 576 non
176 517 325 582 absorbuit,
349 516 420 586 qarod
444 530 496 569 non
519 515 605 570 vorati
630 529 645 568 a
669 515 801 580 damone,
824 513 896 585 qrrod
947 515 1004 569 suis
1018 515 1109 570 obruit
1122 514 1262 570 beneficiis
1273 515 1418 585 ingratum,
1430 513 1501 583 grtod
1512 524 1589 582 gustu
1601 515 1740 572 interioris

105 625 159 667 non
175 609 295 682 percussi
314 624 328 663 a
348 608 451 676 bestiis,
465 609 537 678 guod
551 606 698 678 praecipitio
722 623 775 663 non
795 607 894 675 necati,
946 604 1106 685 dulcedinis,
1127 605 1274 660 immundis
1298 612 1435 658 assiteltitil
1450 603 1673 659 delectationibus
1690 612 1741 659 at-

105 702 177 773 quod
203 715 288 770 usotte
311 700 344 755 ad
364 715 509 770 congruam
529 707 636 754 aetatem
656 699 683 753 in
706 698 764 770 eius
791 698 843 754 bde
867 704 896 753 ct
947 698 1027 751 traxit
1041 706 1068 751 et
1088 695 1182 760 illexit,
1202 696 1272 766 qttod
1289 694 1485 750 indissolubilia
1499 694 1577 750 malae
1595 700 1741 751 consuetu·

104 792 175 848 bona
188 791 325 845 voluntate
345 789 449 844 nutriti.
466 787 524 843 lluc
542 803 627 859 usgue
647 804 679 845 ea
701 790 894 860 percurrimus,
946 786 1017 843 diruis
1035 786 1141 843 vincula
1156 787 1287 852 dissolvit,
1307 795 1335 842 et
1353 787 1519 843 abstractum
1537 787 1636 842 sacculo
1664 787 1741 843 beni·

104 897 194 948 soror,
210 880 308 951 guribus
333 879 382 934 luit
405 879 483 935 nobis
501 895 555 935 uua
576 882 707 947 conditio,
731 897 800 953 quos
823 882 894 938 idem
945 894 997 951 gne
1009 880 1144 949 suscepit?
1158 879 1246 935 Taceo
1268 878 1363 944 multa,
1379 889 1406 936 et
1420 894 1524 950 magnae
1544 879 1740 936 misericordiae

103 982 181 1043 pater
194 972 299 1043 gennit,
322 986 354 1026 ac
373 971 444 1026 idcrn
456 981 552 1028 venter
564 973 721 1043 compleras
733 983 785 1042 est,
799 957 895 1031 eadem
945 987 1001 1026 snae
1013 973 1084 1027 circa
1100 987 1142 1027 me
1152 987 1246 1041 opera,
1261 986 1294 1026 ne
1305 971 1407 1042 aiiqrrid
1420 970 1513 1042 gioria
1526 987 1593 1038 sirac,
1607 987 1667 1041 qrrae
1682 982 1739 1027 tota

103 1064 209 1119 viscera
224 1063 412 1135 profuderunt.
945 1061 1018 1118 illius
1032 1071 1084 1129 est,
1099 1063 1133 1119 ad
1149 1077 1192 1120 me
1207 1063 1330 1118 videatur
1344 1064 1470 1119 transire.
1487 1065 1525 1119 lta
1540 1064 1623 1119 etiam
1637 1080 1739 1119 sertin·

137 1151 198 1207 Jam
221 1170 302 1218 ratane,
327 1165 413 1218 soror,
439 1156 466 1210 in
488 1169 532 1212 me
555 1155 780 1229 adver-tequam
800 1157 894 1216 iecerit
945 1152 1009 1208 dum
1033 1154 1170 1209 irotuinnm
1197 1137 1404 1210 astirnationem
1431 1155 1483 1212 sibi
1509 1157 1629 1211 conaret
1650 1157 1739 1227 gratia

103 1243 174 1299 Deus
193 1246 291 1300 animae
305 1253 367 1302 tum.
382 1246 480 1304 Divisit
495 1249 568 1303 enim
585 1248 655 1304 inter·
666 1265 710 1306 me
726 1257 754 1306 et
768 1260 802 1316 tc,
815 1251 894 1321 quasi
945 1242 1035 1299 dardis
1049 1254 1077 1299 et
1095 1242 1210 1300 felicitas
1225 1245 1391 1315 recipientis,
1408 1253 1439 1300 ut
1458 1262 1511 1301 uon
1535 1247 1621 1302 solum
1646 1247 1740 1304 latide-

102 1336 175 1392 inter
186 1337 272 1393 lucem
288 1348 316 1393 et
326 1339 464 1409 tenebras,
475 1339 525 1397 sibi
538 1349 565 1397 te
578 1357 702 1409 servans,
715 1359 759 1400 me
771 1345 837 1401 mibi
849 1359 892 1402 re·
945 1343 1001 1400 1¹¹¹·
1017 1335 1081 1405 tluia
1106 1335 1180 1391 ⁸⁰¹⁰?
1203 1335 1354 1391 laudandos
1371 1336 1503 1392 1351111111
1519 1337 1565 1407 (1111
1584 1338 1668 1403 dedit,
1688 1341 1739 1395 sed

103 1428 236 1499 linguens.
254 1429 324 1487 licus
339 1447 424 1498 meus,
435 1447 489 1502 qno
502 1434 574 1489 abii?
586 1449 640 1504 iguo
652 1434 725 1507 iugi?
735 1438 894 1507 quosnam?
943 1426 1025 1483 etiam
1041 1427 1086 1483 ille
1098 1427 1144 1499 qni
1165 1427 1271 1498 recipit.
1287 1428 1353 1496 Quis
1367 1429 1439 1484 enim
1455 1428 1536 1485 babet
1550 1429 1651 1499 aligarid
1664 1431 1738 1500 quod

102 1519 210 1588 Eiectos
224 1537 238 1575 a
254 1521 323 1578 iacic
339 1535 382 1578 tua
398 1524 468 1580 sicut
485 1523 561 1594 cain,
579 1526 697 1582 trabitaei
712 1528 739 1582 in
759 1538 831 1585 germ
846 1545 894 1586 va.
944 1536 997 1578 non
1013 1520 1164 1590 receperit?
1190 1517 1219 1575 Si
1244 1527 1334 1574 autem
1347 1519 1433 1590 gratis
1448 1518 1561 1588 accepit,
1576 1534 1661 1589 gvrare
1681 1520 1738 1573 lau·

101 1626 151 1682 gns
164 1622 191 1667 et
210 1614 351 1686 profugus,
367 1617 561 1689 etquicunque
574 1618 707 1675 invenerit
722 1637 775 1688 me,
788 1624 893 1680 occidet
944 1614 1026 1671 datur
1051 1614 1136 1683 velut¹
1149 1614 1348 1685 promeruerit?
1375 1613 1434 1668 Tibi
1463 1613 1543 1684 igitur
1571 1614 1639 1677 latras,
1667 1615 1738 1670 Deras

101 1720 155 1759 nte.
172 1704 241 1772 Quid
265 1708 337 1763 etaim
355 1720 449 1780 ageret
470 1712 634 1768 miserabilis
655 1723 794 1782 creatura,
812 1732 827 1772 a
843 1733 894 1775 suo
908 1680 931 1741 B
945 1718 1033 1769 1118111,
1050 1703 1097 1758 tibi
1110 1703 1205 1775 810111,
1228 1705 1275 1760 tibi
1289 1704 1545 1779 dfilfalffltlsstlioi
1566 1704 1630 1759 1111111
1647 1717 1738 1758 11110111

101 1797 228 1854 derelicta
246 1799 394 1859 creatore?
410 1803 468 1872 Quo
482 1804 543 1882 iret,
555 1820 644 1875 quove
658 1806 758 1864 lateret
772 1808 832 1865 ovis
847 1824 892 1865 er·
944 1794 1067 1853 ⁰⁰¹¹s¹¹⁵5⁰
1081 1793 1160 1851 [10111
1176 1809 1241 1852 ¹¹¹0ae
1255 1795 1337 1868 (lien.
1353 1811 1393 1860 ¹¹2
1406 1796 1444 1868 7),
1462 1795 1509 1866 qui
1524 1803 1562 1851 ¹⁰²
1582 1794 1653 1850 mala
1674 1793 1737 1860 secl»

101 1903 183 1944 rouea
197 1904 246 1945 suo
260 1893 386 1950 destituta
400 1895 528 1965 pastore?
550 1895 572 1952 0
590 1911 677 1962 soror,
697 1897 755 1954 sera
775 1900 893 1969 pessima
943 1898 972 1945 θῑ
983 1897 1023 1945 101
1041 1889 1112 1943 1101111
1128 1887 1221 1959 recipi.
1236 1888 1305 1957 01111]
1317 1882 1399 1958 58¹⁰st
1411 1887 1524 1958 (inquis-l
1538 1903 1581 1943 ¹¹¹0
1593 1888 1737 1944 1111111311·

101 1977 240 2035 devoravit
250 1980 361 2037 tratrem
376 1992 462 2039 tuum.
474 1985 502 2039 ln
519 2001 562 2042 me
575 2002 640 2060 ergo
652 2002 743 2055 cerne,
761 2001 895 2061 geranium
943 1980 1056 2052 celim?
1069 1978 1092 2035 0
1106 1995 1195 2047 ⁵⁰?0ls
1211 1981 1277 2051 111111
1292 1979 1399 2035 felicit?
1413 1991 1456 2034 181
1470 1980 1524 2045 11111,
1542 1979 1619 2048 citius
1638 1995 1736 2034 ”ilem

101 2069 137 2123 ini
149 2072 291 2128 contulerit
304 2075 350 2143 gari
365 2083 390 2129 tc
405 2091 419 2128 a
434 2075 479 2130 tali
493 2075 578 2132 bestia
590 2081 890 2140 conservavitillasunt.
942 2075 1052 2146 plenam
1063 2073 1199 2131 mercibus
1212 2084 1241 2128 et
1253 2080 1378 2128 onustam
1392 2072 1493 2128 divitiis
1502 2071 1582 2128 datus
1593 2081 1737 2127 ventorum

100 2158 186 2226 Quam
199 2161 281 2216 miser
291 2177 341 2232 ego
351 2179 421 2231 stitit,
438 2164 483 2234 qui
496 2180 583 2220 meam
597 2169 754 2238 pudicitiam
769 2173 890 2242 pcrdidi;
944 2167 1078 2237 integram
1093 2167 1196 2222 revexit
1212 2167 1246 2221 ad
1261 2173 1380 2237 portum,
1396 2179 1477 2234 gisam
1492 2165 1537 2231 oui
1553 2180 1650 2234 passus
1668 2180 1737 2219 nau·

47 2296 53 2305 .
101 2260 155 2306 ram
171 2250 249 2306 beata
266 2254 586 2327 tu,cnjnsvirgiritatcn
600 2259 784 2317 misericordia
799 2262 893 2321 diviua
943 2257 1060 2328 fragium
1077 2257 1165 2312 nudus
1179 2257 1267 2313 erasit
1280 2263 1406 2311 morton.
1424 2255 1463 2309 Tu
1481 2271 1545 2327 crgo
1558 2256 1584 2310 iu
1602 2256 1655 2321 iris,
1670 2271 1738 2326 giras

100 2345 229 2411 protexit.
244 2344 356 2410 Quoties
375 2355 487 2413 tentata,
506 2351 614 2421 quinties
632 2352 752 2423 impetita
775 2365 820 2410 tua
842 2357 893 2414 tibi
944 2349 992 2407 tibi
1006 2350 1097 2406 divina
1108 2349 1195 2420 gratia
1209 2349 1390 2413 conservavit,
1403 2347 1525 2403 exsultas
1537 2348 1654 2414 divitiis;
1669 2348 1739 2404 mib'r

100 2432 213 2487 castitas
223 2444 264 2489 est
273 2445 389 2502 servata,
398 2453 462 2509 ⁸cnm
474 2454 525 2512 ego
535 2441 622 2499 libens
637 2444 662 2499 in
678 2446 765 2515 turpia
779 2462 892 2519 quaeque
942 2445 1077 2500 maxianus
1105 2444 1182 2507 labor
1206 2443 1339 2499 incumbit
1365 2450 1395 2496 ut
1420 2441 1506 2496 bacta
1535 2441 1739 2510 redintegrem,

100 2525 285 2594 progrediens,
310 2530 469 2585 coacervavi
489 2532 556 2588 mibi
581 2537 725 2591 materiam
748 2537 820 2610 ignis
836 2555 892 2610 quio
942 2535 1041 2590 avrtissa
1054 2548 1223 2603 recuperem,
1235 2534 1320 2589 scissa
1332 2533 1489 2588 resarciam.
1502 2531 1694 2587 Verumtamen
1707 2541 1737 2588 et

100 2618 286 2684 comburerer,
310 2621 452 2676 materiam
472 2622 567 2681 leteris
582 2641 636 2696 quo
656 2643 781 2693 necarer,
805 2643 892 2687 mate-
942 2642 986 2683 me
1000 2617 1061 2682 volo
1072 2635 1101 2681 ui
1112 2626 1257 2689 aemuleris,
1274 2623 1405 2700 valdeque
1417 2634 1496 2694 putes
1506 2624 1734 2689 erubescendum,

101 2707 169 2762 riam
187 2711 348 2766 verntiuma
365 2713 464 2782 quilius
484 2718 663 2774 corroderer?
676 2719 776 2778 Recole
793 2723 816 2778 si
834 2724 891 2795 pla·
941 2719 964 2774 si
989 2727 1052 2789 post
1067 2727 1108 2774 tot
1136 2716 1235 2788 llagitia
1263 2717 1289 2772 in
1306 2716 1351 2771 illa
1368 2716 1424 2771 vita
1446 2715 1493 2771 tibi
1510 2714 1637 2771 inventus
1660 2715 1737 2771 tuero
1821 2773 1824 2779 ,

99 2810 143 2855 cet
166 2800 227 2857 illas
250 2800 387 2861 toeditates
403 2822 478 2863 meas
490 2823 540 2879 pro
561 2812 661 2881 quibus
679 2814 835 2887 plangebas,
863 2829 891 2874 et
940 2810 1064 2880 agitatis,
1077 2826 1137 2866 curu
1147 2822 1217 2880 saepe
1229 2808 1391 2880 virginitatis
1398 2807 1511 2877 gloriam
1525 2807 1736 2864 intervenientia

99 2893 266 2964 cOttiitiebas
279 2910 360 2966 soepe,
376 2899 463 2968 puella
486 2903 641 2971 parvulum,
659 2905 759 2961 taurina
784 2923 891 2965 marcu.
942 2901 1065 2971 quadam
1080 2900 1146 2956 vitia
1159 2901 1290 2963 minuant,
1305 2908 1333 2955 et
1347 2900 1447 2956 veteris
1461 2898 1677 2954 conservationis
1687 2913 1736 2969 op-

99 2983 166 3039 ium.
183 2985 236 3041 Sed
249 3002 302 3042 tion
318 2987 385 3043 saliit
398 2989 541 3061 Scriptura
552 3008 612 3063 qum
628 2995 666 3052 ait
686 3014 694 3051 ς
707 2997 792 3054 Nemo
806 3010 889 3068 popm
903 3025 925 3082 c
941 2990 1079 3059 probrinm
1095 3006 1200 3046 morum
1223 2989 1338 3045 inritatio
1355 2999 1382 3044 et
1396 2989 1572 3045 succedentes
1588 2988 1666 3043 vitiis
1679 2988 1736 3043 vir·

100 3080 238 3150 corripere,
262 3096 338 3151 guent
363 3081 436 3138 Deus
456 3084 572 3156 despexit
594 3086 694 3159 (Eccle.
719 3104 768 3156 ru,
792 3091 891 3163 it).0

100 3184 181 3238 quirun
196 3171 345 3242 diligendus
359 3182 427 3230 esta
445 3184 480 3241 te,
493 3178 540 3247 gui
554 3193 617 3235 eum
638 3195 681 3236 me
696 3181 849 3251 repelleret,
864 3192 891 3240 te

100 3260 227 3326 attraxit,
241 3270 268 3316 et
280 3277 341 3316 curru
355 3280 432 3333 acqua
451 3267 572 3323 conditio
591 3267 660 3324 toret
675 3272 826 3342 utriusque,
847 3283 891 3330 ta·

100 3366 161 3407 men
182 3368 225 3408 me
245 3354 409 3425 despexerit,
439 3366 465 3415 te
488 3359 624 3417 dilexerit.
642 3362 740 3420 Recole
754 3380 835 3430 tinne,
861 3376 892 3423 ut

97 3443 165 3506 diri,
182 3448 370 3515 corruptiones
384 3463 467 3512 oreas,
492 3464 552 3505 cum
567 3451 735 3509 exaltaretur
745 3455 843 3511 nebula
855 3456 890 3510 li-

99 3531 199 3588 bidinis
222 3548 255 3588 eu
278 3534 416 3591 luxuriosa
429 3538 648 3609 concupiscentia
668 3544 769 3611 carinis,
790 3555 818 3601 et
836 3561 889 3603 non

99 3633 170 3680 esset
185 3627 231 3696 qrti
251 3628 369 3707 eriperet
386 3640 414 3684 et
430 3629 534 3686 salvum
551 3630 654 3688 laceret
671 3633 758 3705 (Prot.
788 3653 836 3704 vu,
849 3640 889 3708 3).

103 3711 189 3768 Verbo
201 3714 272 3768 cuim
291 3715 440 3786 irriguorum
450 3719 643 3788 prreuoiuerunt
655 3739 733 3793 super
746 3740 786 3780 me
802 3724 888 3796 (Psoi.

98 3821 173 3870 cxiv,
191 3805 232 3876 ι),
253 3807 299 3878 gui
320 3806 348 3863 ln
369 3808 446 3864 stravi
470 3809 567 3879 poculo
588 3814 689 3870 amoris
711 3817 892 3884 propinabant

99 3900 164 3955 mibi
177 3915 309 3957 venenum
331 3902 454 3960 luxuria.
475 3903 672 3965 convenientes
685 3907 712 3962 in
728 3924 811 3964 ortum
825 3910 891 3965 atie

59 4010 67 4019 ·
98 3993 196 4047 ctionis
218 3997 337 4050 suavitas
360 4004 387 4051 ct
400 3996 557 4067 cupiditatis
577 3998 729 4069 impuritas,
749 4002 891 4070 rapiebant

100 4085 259 4142 imbecillem
277 4087 367 4142 adbuc
384 4096 491 4144 aetatem
505 4105 593 4145 meam
612 4073 659 4161 pcr
674 4091 789 4161 abrupta
809 4093 889 4148 vitio-

99 4191 171 4240 rum,
189 4185 270 4246 atgne
293 4180 452 4250 mergebant
466 4168 580 4250 'gurgite
602 4179 776 4253 flagitiorum.
801 4185 890 4241 tene·

99 4278 163 4325 runt
189 4285 271 4342 snper
284 4287 328 4327 me
343 4273 383 4325 ira
404 4280 431 4327 et
446 4273 596 4344 indignatio
615 4282 670 4340 tua,
695 4276 775 4346 Deus,
799 4286 826 4332 et
839 4292 890 4350 ego

943 3090 1016 3137 tutes
1038 3081 1206 3138 oblitterent.
1229 3081 1282 3136 Sed
1299 3080 1356 3149 jam
1373 3080 1427 3146 illa,
1452 3080 1595 3150 inquibus
1617 3080 1664 3135 tibi
1678 3079 1736 3135 sola

942 3173 1049 3229 conscia
1069 3188 1100 3229 es
1120 3172 1219 3227 divium
1238 3171 1375 3236 bonitatis,
1399 3171 1502 3240 inspice
1520 3185 1593 3225 nunc
1609 3185 1734 3235 munuera,

942 3281 1022 3337 quiam
1042 3263 1161 3333 jucunda
1181 3264 1251 3318 iacie
1270 3263 1471 3318 abrenuntianti
1488 3262 1587 3318 suendo
1610 3261 1736 3317 Cltristus

941 3356 1102 3424 occurrerit,
1126 3355 1225 3425 quibus
1248 3355 1412 3410 esurientem
1431 3353 1535 3408 deliciis
1559 3354 1643 3424 pavit,
1667 3367 1736 3421 quas

941 3448 1146 3504 miserationum
1167 3460 1277 3502 suarum
1291 3445 1398 3500 divitias
1420 3444 1549 3510 ostendit,
1565 3457 1634 3514 epiros
1647 3442 1733 3512 inspi-

943 3540 1013 3595 ravit
1026 3538 1150 3606 atiectus,
1162 3553 1217 3608 quo
1231 3547 1258 3593 tc
1270 3538 1515 3608 cinaritatispoculo
1528 3528 1654 3592 ebriavit.
1665 3533 1744 3592 Nam·

941 3634 964 3689 si
988 3633 1131 3702 fugitivum
1153 3647 1261 3687 servum
1277 3645 1304 3687 et
1319 3631 1447 3686 rebeliem
1469 3629 1526 3686 sola
1549 3644 1598 3685 sua
1618 3629 1734 3683 misera·

942 3725 1015 3779 tiotte
1029 3727 1183 3778 revocatum
1197 3722 1375 3793 spiritualium
1388 3721 1606 3777 consolationum
1621 3735 1674 3775 non
1687 3732 1733 3775 re·

942 3815 1020 3886 liquit
1034 3814 1221 3881 inerpertutn3
1237 3811 1301 3882 qnid
1316 3811 1467 3867 dulcedinis
1486 3811 1649 3867 crediderim
1670 3824 1733 3865 cum

940 3906 1038 3977 virgini
1050 3905 1212 3962 contulisse?
1226 3904 1254 3958 Si
1268 3904 1427 3969 tentabaris,
1444 3902 1488 3958 ille
1504 3901 1690 3967 sustentabat,
1709 3901 1734 3957 si

940 3999 1102 4065 buccinabas,
1118 4000 1163 4056 ille
1181 3997 1327 4055 solidabat.
1348 3996 1462 4064 Quoties
1481 4011 1537 4066 prae
1555 3997 1653 4051 timore
1670 4010 1733 4051 are·
1817 4069 1818 4072 Ἴ

940 4093 1026 4148 scenti
1040 4093 1100 4163 pius
1112 4090 1267 4148 consolator
1279 4088 1404 4144 astabat?
1417 4087 1530 4156 Quoties
1541 4087 1666 4143 astuanti
1677 4101 1733 4156 prae

941 4200 1046 4251 aurore,
1064 4187 1167 4255 ipsese
1187 4184 1239 4238 tuis
1254 4182 1404 4237 visceribus
1422 4179 1597 4236 infundebat?
1619 4178 1731 4247 Quoties

941 4278 1098 4349 psallentem
1121 4276 1164 4331 vel
1184 4276 1316 4344 legentem
1340 4270 1521 4344 spiritualium
1542 4286 1668 4327 sensnum
1690 4270 1730 4325 lu·

99 4363 265 4419 nesciebam.
279 4363 352 4419 ibam
367 4363 471 4435 longius
492 4380 506 4419 a
529 4373 563 4428 te,
580 4374 607 4419 et
620 4366 736 4423 sinebas.
748 4368 887 4438 iactabar,
904 4361 1014 4423 Durriae
1029 4358 1196 4422 illustrabat?
1209 4364 1321 4432 Quoties
1334 4371 1458 4418 orantem
1472 4362 1498 4416 in
1513 4360 1648 4432 quoddam
1663 4361 1735 4416 inel-

99 4465 127 4511 et
139 4454 305 4523 effundebar,
325 4467 354 4511 et
372 4456 508 4512 defluebar
530 4473 578 4528 per
594 4459 777 4517 immunditias
791 4465 888 4531 meas,

99 4557 126 4606 et
140 4550 259 4606 tacebas.
276 4550 335 4617 Eia,
349 4564 439 4616 soror,
451 4549 592 4621 diligenter
602 4553 714 4608 attende
731 4553 822 4609 omnia
837 4555 888 4610 ista

98 4643 186 4713 turpia
203 4652 230 4698 et
243 4641 368 4708 nefanda,
385 4641 411 4697 in
424 4658 483 4712 gnte
497 4657 540 4698 me
553 4643 733 4714 praecipitavit
744 4659 832 4699 meum
847 4659 890 4700 ar·

98 4732 226 4798 bitrinm,·
240 4741 268 4787 et
279 4732 347 4788 scito
360 4733 430 4802 quod
446 4733 472 4787 iu
484 4734 542 4789 baec
556 4735 717 4801 corruisses,
734 4735 756 4791 si
771 4744 797 4790 te
812 4735 891 4791 Cirri-

98 4824 134 4880 sti
145 4825 328 4880 misericordia
343 4841 395 4880 uon
413 4834 557 4880 servasset.
576 4825 635 4882 lion
656 4827 715 4883 brec
736 4828 796 4883 dico
812 4830 890 4897 qnasi

98 4916 166 4970 nibil
183 4916 248 4970 mibi
268 4914 413 4969 contulerit
425 4914 498 4979 boui,
512 4914 575 4969 dum
591 4916 713 4987 exceptis
727 4916 760 4972 iis
771 4931 831 4986 quaa
844 4931 891 4971 su·

99 5010 191 5079 perius
217 5010 335 5064 diximus
363 5008 506 5078 utriusque
528 5008 637 5075 collata,
664 5011 732 5065 mira
758 5011 889 5083 patientia

98 5117 176 5157 nteas
193 5102 352 5156 sustinuerit
366 5101 534 5170 irriguitates.
551 5100 601 5156 Cui
621 5102 707 5157 debeo
722 5104 794 5174 quod
817 5112 889 5160 terra

98 5209 153 5249 non
167 5210 211 5249 nte
231 5194 381 5259 absorbuit,
398 5205 450 5247 nec
471 5191 747 5261 itttruiuavitcoelum,
770 5210 820 5251 nec
838 5195 890 5252 litt·

97 5289 171 5343 mina
184 5285 404 5341 submerserunt?
416 5283 637 5351 Quoruodoeuim
648 5287 795 5343 sustineret
809 5304 889 5344 crea·

99 5392 160 5438 tura
177 5388 278 5435 tantam
292 5377 417 5449 iujuriam
428 5376 566 5433 Creatoris
579 5379 631 5439 sui.
649 5378 671 5434 si
690 5394 744 5434 nou
760 5381 888 5450 impetum

941 4460 1024 4516 salvile
1042 4458 1206 4515 desiderium
1231 4472 1309 4512 suom
1329 4456 1467 4526 rapiebat?
1486 4454 1598 4522 Quoties
1612 4464 1732 4510 mentem

942 4561 1015 4607 tuam
1030 4566 1045 4605 a
1058 4549 1173 4605 terrenis
1194 4547 1374 4612 subtractam,
1391 4545 1424 4599 ad
1439 4546 1566 4601 caelestes
1579 4544 1689 4601 delicias
1705 4551 1734 4600 ct

941 4643 1057 4715 paradisi
1076 4640 1251 4704 amoertitaies
1269 4639 1488 4709 transportabat?
1501 4637 1564 4693 llaec
1581 4622 1671 4692 omnia
1690 4651 1734 4692 re·

942 4736 1019 4790 volve
1034 4733 1133 4794 animo,
1149 4740 1179 4785 nt
1195 4731 1222 4785 in
1236 4746 1298 4786 eum
1314 4739 1376 4786 tnus
1391 4729 1464 4785 tolus
1486 4729 1642 4786 revolvatur
1664 4727 1730 4785 alle·

941 4837 1010 4882 etus.
1030 4826 1150 4881 vilescat
1174 4823 1223 4879 tibi
1247 4822 1374 4889 muudus,
1398 4825 1488 4880 omnis
1512 4838 1588 4878 amor
1611 4819 1732 4878 carnaiis

941 4920 1059 4979 sordeat,
1073 4916 1179 4973 nescias
1194 4925 1290 4983 lecese
1306 4918 1332 4971 iu
1347 4916 1448 4970 mundo
1466 4915 1534 4981 boc;
1551 4913 1679 4984 quoniam
1696 4910 1731 4966 ad

941 5008 1000 5064 illus
1014 5008 1059 5078 igni
1077 5009 1104 5061 in
1120 5005 1190 5060 coelo
1205 5014 1268 5059 sunt
1290 5014 1318 5060 et
1330 5005 1386 5060 Deo
1405 5008 1510 5067 vivunt,
1524 5013 1599 5056 tntum
1613 5009 1733 5055 transtu·

940 5101 994 5157 listi
1009 5100 1185 5170 propositum.
1201 5091 1251 5153 Ubi
1265 5108 1301 5153 est
1317 5099 1455 5151 tbeaeurus
1466 5099 1539 5157 ιιιιιι,
1552 5093 1587 5147 iti
1602 5091 1636 5146 sit
1650 5098 1674 5144 et
1685 5105 1732 5144 eor

940 5205 1014 5248 tuum
1029 5193 1137 5266 (iderti.
1151 5207 1191 5260 vt,
1201 5192 1259 5265 at).
1281 5189 1340 5245 Noli
1355 5204 1416 5244 cum
1428 5184 1563 5256 argenteis
1575 5181 1732 5238 simulacris

939 5288 986 5342 vili
1012 5284 1149 5356 marsupio
1167 5292 1213 5340 tuo
1241 5293 1316 5340 tuum
1339 5278 1478 5336 includere
1503 5275 1639 5340 animum;
1663 5272 1730 5343 quia

940 5390 1077 5446 nunquam
1092 5390 1154 5431 eum
1167 5385 1337 5429 nummomm
1354 5367 1472 5437 pondere
1487 5363 1589 5435 poteris
1603 5370 1730 5419 transvo-

98 5478 158 5549 ejus
180 5476 319 5531 eolriberet
342 5474 387 5529 ille
409 5471 467 5540 ipse
485 5471 531 5540 qui
554 5472 685 5537 condidit,
702 5472 748 5542 gui
763 5489 817 5526 non
833 5473 890 5528 vult
940 5471 997 5526 lare
1011 5470 1046 5524 ad
1059 5469 1169 5525 coslum.
1192 5468 1258 5523 Puta
1283 5474 1310 5520 te
1332 5461 1453 5535 quotidie
1468 5459 1639 5525 morituram,
1653 5465 1681 5514 et
1696 5459 1731 5514 de

99 5582 207 5628 mortem
218 5572 373 5646 peccatoris,
388 5571 435 5625 red
448 5568 534 5641 magis
546 5574 786 5622 stcouserrateret
800 5564 889 5620 siret?
941 5561 1061 5617 erastino
1075 5556 1281 5629 mneogitabis.
1295 5552 1353 5610 Nou
1369 5560 1395 5606 te
1412 5546 1495 5621 ξπ
1507 5546 1591 5604 loturi
1602 5547 1731 5617 temporis

104 5660 215 5724 trees.
232 5678 328 5725 aratu,
356 5661 414 5722 ii.)
429 5659 469 5717 to
489 5658 554 5715 lilud
573 5667 681 5728 qvtame
707 5656 758 5712 batt
781 5656 885 5725 gratie,
941 5653 1072 5711 sterilitas
1089 5660 1201 5718 terreat,
1225 5662 1278 5706 roa
1304 5646 1401 5703 inme
1421 5641 1502 5700 tamis
1514 5642 1596 5699 timor
1612 5647 1733 5697 menam
