<?xml version="1.0" encoding="UTF-8"?>
<!DOCTYPE html PUBLIC "-//W3C//DTD XHTML 1.0 Transitional//EN"
    "http://www.w3.org/TR/xhtml1/DTD/xhtml1-transitional.dtd">
<html xmlns="http://www.w3.org/1999/xhtml" xml:lang="en" lang="en">
 <head>
  <title>
</title>
<meta http-equiv="Content-Type" content="text/html;charset=utf-8" />
  <meta name='ocr-system' content='tesseract 3.04.00' />
  <meta name='ocr-capabilities' content='ocr_page ocr_carea ocr_par ocr_line ocrx_word'/>
</head>
<body>
  <div class='ocr_page' id='page_1' title='image "./patrologiaecurs55unkngoog_0068.png"; bbox 0 0 3690 6008; ppageno 0'>
   <div class='ocr_carea' id='block_1_1' title="bbox 103 137 1738 211">
    <p class='ocr_par' dir='ltr' id='par_1_1' title="bbox 103 137 1738 211">
     <span class='ocr_line' id='line_1_1' title="bbox 103 137 1738 211; baseline 0.009 -15"><span class='ocrx_word' id='word_1_1' title='bbox 103 137 154 199; x_wconf 65' lang='lat'>{25</span> <span class='ocrx_word' id='word_1_2' title='bbox 791 141 869 200; x_wconf 77' lang='lat' dir='ltr'>itia</span> <span class='ocrx_word' id='word_1_3' title='bbox 888 143 1048 202; x_wconf 78' lang='lat' dir='ltr'>stretton.</span> <span class='ocrx_word' id='word_1_4' title='bbox 1686 154 1738 211; x_wconf 65' lang='lat' dir='ltr'>lio</span> 
     </span>
    </p>
   </div>
   <div class='ocr_carea' id='block_1_2' title="bbox 98 251 1739 3896">
    <p class='ocr_par' dir='ltr' id='par_1_2' title="bbox 98 251 1739 3531">
     <span class='ocr_line' id='line_1_2' title="bbox 102 251 1735 338; baseline 0.007 -25"><span class='ocrx_word' id='word_1_5' title='bbox 102 256 162 313; x_wconf 84' lang='lat' dir='ltr'>hit:</span> <span class='ocrx_word' id='word_1_6' title='bbox 183 269 194 306; x_wconf 79' lang='lat' dir='ltr'>s</span> <span class='ocrx_word' id='word_1_7' title='bbox 222 251 325 324; x_wconf 62' lang='lat' dir='ltr'>lienem</span> <span class='ocrx_word' id='word_1_8' title='bbox 350 253 384 310; x_wconf 91' lang='lat' dir='ltr'>de</span> <span class='ocrx_word' id='word_1_9' title='bbox 406 261 557 310; x_wconf 86' lang='lat' dir='ltr'>trausrnare</span> <span class='ocrx_word' id='word_1_10' title='bbox 583 269 737 327; x_wconf 79' lang='lat' dir='ltr'>regressum</span> <span class='ocrx_word' id='word_1_11' title='bbox 750 258 895 318; x_wconf 79' lang='lat' dir='ltr'>husclrnos</span> <span class='ocrx_word' id='word_1_12' title='bbox 909 264 931 319; x_wconf 81' lang='lat' dir='ltr'>,t</span> <span class='ocrx_word' id='word_1_13' title='bbox 946 261 980 316; x_wconf 90' lang='lat' dir='ltr'>ad</span> <span class='ocrx_word' id='word_1_14' title='bbox 995 260 1065 332; x_wconf 78' lang='lat' dir='ltr'>regis</span> <span class='ocrx_word' id='word_1_15' title='bbox 1083 260 1253 317; x_wconf 87' lang='lat' dir='ltr'>liurierdach</span> <span class='ocrx_word' id='word_1_16' title='bbox 1267 262 1413 334; x_wconf 80' lang='lat' dir='ltr'><strong>populique</strong></span> <span class='ocrx_word' id='word_1_17' title='bbox 1434 264 1460 319; x_wconf 94' lang='lat' dir='ltr'>iu</span> <span class='ocrx_word' id='word_1_18' title='bbox 1474 264 1604 321; x_wconf 78' lang='lat' dir='ltr'>Hibernia</span> <span class='ocrx_word' id='word_1_19' title='bbox 1629 270 1735 338; x_wconf 87' lang='lat' dir='ltr'>petitin-</span> 
     </span>
     <span class='ocr_line' id='line_1_3' title="bbox 102 344 1734 431; baseline 0.007 -28"><span class='ocrx_word' id='word_1_20' title='bbox 102 347 181 413; x_wconf 90' lang='lat' dir='ltr'>adiit,</span> <span class='ocrx_word' id='word_1_21' title='bbox 191 353 220 402; x_wconf 91' lang='lat' dir='ltr'>et</span> <span class='ocrx_word' id='word_1_22' title='bbox 232 354 264 400; x_wconf 91' lang='lat' dir='ltr'>ut</span> <span class='ocrx_word' id='word_1_23' title='bbox 287 344 339 402; x_wconf 83' lang='lat' dir='ltr'>sibi</span> <span class='ocrx_word' id='word_1_24' title='bbox 356 344 471 400; x_wconf 80' lang='lat' dir='ltr'>Romam</span> <span class='ocrx_word' id='word_1_25' title='bbox 484 346 518 401; x_wconf 92' lang='lat' dir='ltr'>ad</span> <span class='ocrx_word' id='word_1_26' title='bbox 544 361 641 417; x_wconf 91' lang='lat' dir='ltr'>papam</span> <span class='ocrx_word' id='word_1_27' title='bbox 671 348 820 418; x_wconf 88' lang='lat' dir='ltr'>Urbanoru,</span> <span class='ocrx_word' id='word_1_28' title='bbox 848 368 896 422; x_wconf 92' lang='lat' dir='ltr'>pro</span> <span class='ocrx_word' id='word_1_29' title='bbox 948 367 1019 415; x_wconf 89' lang='lat' dir='ltr'>ucnr,</span> <span class='ocrx_word' id='word_1_30' title='bbox 1035 352 1157 423; x_wconf 88' lang='lat' dir='ltr'>aliosque</span> <span class='ocrx_word' id='word_1_31' title='bbox 1168 353 1320 426; x_wconf 90' lang='lat' dir='ltr'>episcopos,</span> <span class='ocrx_word' id='word_1_32' title='bbox 1336 365 1447 426; x_wconf 87' lang='lat' dir='ltr'>accepta</span> <span class='ocrx_word' id='word_1_33' title='bbox 1468 358 1643 426; x_wconf 83' lang='lat' dir='ltr'>subjectionis</span> <span class='ocrx_word' id='word_1_34' title='bbox 1669 375 1734 431; x_wconf 88' lang='lat' dir='ltr'>pro-</span> 
     </span>
     <span class='ocr_line' id='line_1_4' title="bbox 102 437 1735 519; baseline 0.006 -23"><span class='ocrx_word' id='word_1_35' title='bbox 102 440 172 496; x_wconf 88' lang='lat' dir='ltr'>stola</span> <span class='ocrx_word' id='word_1_36' title='bbox 197 439 239 495; x_wconf 92' lang='lat' dir='ltr'>sui</span> <span class='ocrx_word' id='word_1_37' title='bbox 269 437 529 507; x_wconf 73' lang='lat' dir='ltr'><strong>archiepiscopatus,</strong></span> <span class='ocrx_word' id='word_1_38' title='bbox 550 441 630 496; x_wconf 91' lang='lat' dir='ltr'>eundi</span> <span class='ocrx_word' id='word_1_39' title='bbox 656 440 792 498; x_wconf 88' lang='lat' dir='ltr'>licentiam</span> <span class='ocrx_word' id='word_1_40' title='bbox 808 444 894 512; x_wconf 88' lang='lat' dir='ltr'>daret,</span> <span class='ocrx_word' id='word_1_41' title='bbox 947 446 1065 502; x_wconf 87' lang='lat' dir='ltr'>lessioue</span> <span class='ocrx_word' id='word_1_42' title='bbox 1079 446 1218 502; x_wconf 72' lang='lat' dir='ltr'>harnbethi</span> <span class='ocrx_word' id='word_1_43' title='bbox 1233 448 1413 504; x_wconf 90' lang='lat' dir='ltr'>consecravit.</span> <span class='ocrx_word' id='word_1_44' title='bbox 1431 449 1485 504; x_wconf 81' lang='lat' dir='ltr'>Sed</span> <span class='ocrx_word' id='word_1_45' title='bbox 1505 459 1566 519; x_wconf 88' lang='lat' dir='ltr'>post</span> <span class='ocrx_word' id='word_1_46' title='bbox 1587 448 1735 506; x_wconf 86' lang='lat' dir='ltr'>Carnbren·</span> 
     </span>
     <span class='ocr_line' id='line_1_5' title="bbox 103 530 1735 611; baseline 0.005 -22"><span class='ocrx_word' id='word_1_47' title='bbox 103 532 243 589; x_wconf 82' lang='lat' dir='ltr'>hrrrtvilitcr</span> <span class='ocrx_word' id='word_1_48' title='bbox 259 531 348 602; x_wconf 89' lang='lat' dir='ltr'>petiit.</span> <span class='ocrx_word' id='word_1_49' title='bbox 361 530 494 585; x_wconf 81' lang='lat' dir='ltr'>htillead</span> <span class='ocrx_word' id='word_1_50' title='bbox 510 545 608 586; x_wconf 84' lang='lat' dir='ltr'>stamen</span> <span class='ocrx_word' id='word_1_51' title='bbox 629 532 730 589; x_wconf 88' lang='lat' dir='ltr'>Urbani</span> <span class='ocrx_word' id='word_1_52' title='bbox 756 536 892 604; x_wconf 88' lang='lat' dir='ltr'>turbatus,</span> <span class='ocrx_word' id='word_1_53' title='bbox 947 549 1003 592; x_wconf 91' lang='lat' dir='ltr'>sem</span> <span class='ocrx_word' id='word_1_54' title='bbox 1028 537 1228 606; x_wconf 76' lang='lat' dir='ltr'>expeditionem</span> <span class='ocrx_word' id='word_1_55' title='bbox 1256 553 1381 595; x_wconf 85' lang='lat' dir='ltr'>reversos</span> <span class='ocrx_word' id='word_1_56' title='bbox 1405 555 1464 607; x_wconf 83' lang='lat' dir='ltr'>rex,</span> <span class='ocrx_word' id='word_1_57' title='bbox 1480 543 1645 611; x_wconf 75' lang='lat' dir='ltr'>expostulari</span> <span class='ocrx_word' id='word_1_58' title='bbox 1673 558 1735 598; x_wconf 92' lang='lat' dir='ltr'>cum</span> 
     </span>
     <span class='ocr_line' id='line_1_6' title="bbox 103 623 1732 698; baseline 0.006 -19"><span class='ocrx_word' id='word_1_59' title='bbox 103 625 172 679; x_wconf 80' lang='lat' dir='ltr'>dixit</span> <span class='ocrx_word' id='word_1_60' title='bbox 185 639 215 680; x_wconf 86' lang='lat' dir='ltr'>se</span> <span class='ocrx_word' id='word_1_61' title='bbox 227 623 304 679; x_wconf 89' lang='lat' dir='ltr'>illum</span> <span class='ocrx_word' id='word_1_62' title='bbox 317 639 367 693; x_wconf 90' lang='lat' dir='ltr'>pro</span> <span class='ocrx_word' id='word_1_63' title='bbox 381 639 449 694; x_wconf 89' lang='lat' dir='ltr'>papa</span> <span class='ocrx_word' id='word_1_64' title='bbox 463 638 516 679; x_wconf 91' lang='lat' dir='ltr'>uon</span> <span class='ocrx_word' id='word_1_65' title='bbox 533 633 635 691; x_wconf 91' lang='lat' dir='ltr'>tenere,</span> <span class='ocrx_word' id='word_1_66' title='bbox 651 641 702 682; x_wconf 92' lang='lat' dir='ltr'>uec</span> <span class='ocrx_word' id='word_1_67' title='bbox 715 642 897 684; x_wconf 78' lang='lat' dir='ltr'>suaeeonsue·</span> <span class='ocrx_word' id='word_1_68' title='bbox 946 628 1074 683; x_wconf 84' lang='lat' dir='ltr'>hnsehuo</span> <span class='ocrx_word' id='word_1_69' title='bbox 1087 629 1179 698; x_wconf 87' lang='lat' dir='ltr'>coepit,</span> <span class='ocrx_word' id='word_1_70' title='bbox 1192 629 1226 684; x_wconf 89' lang='lat' dir='ltr'>de</span> <span class='ocrx_word' id='word_1_71' title='bbox 1239 630 1369 686; x_wconf 72' lang='lat' dir='ltr'>militibus</span> <span class='ocrx_word' id='word_1_72' title='bbox 1383 631 1417 687; x_wconf 89' lang='lat' dir='ltr'>ab</span> <span class='ocrx_word' id='word_1_73' title='bbox 1431 634 1565 689; x_wconf 88' lang='lat' dir='ltr'>comissis</span> <span class='ocrx_word' id='word_1_74' title='bbox 1579 634 1612 688; x_wconf 89' lang='lat' dir='ltr'>ad</span> <span class='ocrx_word' id='word_1_75' title='bbox 1628 641 1732 690; x_wconf 89' lang='lat' dir='ltr'>tantum</span> 
     </span>
     <span class='ocr_line' id='line_1_7' title="bbox 104 715 1735 791; baseline 0.004 -20"><span class='ocrx_word' id='word_1_76' title='bbox 104 717 208 773; x_wconf 88' lang='lat' dir='ltr'>tudinis</span> <span class='ocrx_word' id='word_1_77' title='bbox 224 730 285 772; x_wconf 85' lang='lat' dir='ltr'>esse</span> <span class='ocrx_word' id='word_1_78' title='bbox 300 724 331 772; x_wconf 89' lang='lat' dir='ltr'>ut</span> <span class='ocrx_word' id='word_1_79' title='bbox 345 717 449 788; x_wconf 86' lang='lat' dir='ltr'>absque</span> <span class='ocrx_word' id='word_1_80' title='bbox 461 730 511 771; x_wconf 86' lang='lat' dir='ltr'>sua</span> <span class='ocrx_word' id='word_1_81' title='bbox 521 715 655 773; x_wconf 70' lang='lat' dir='ltr'>electione</span> <span class='ocrx_word' id='word_1_82' title='bbox 666 717 747 774; x_wconf 92' lang='lat' dir='ltr'>alicui</span> <span class='ocrx_word' id='word_1_83' title='bbox 761 719 856 775; x_wconf 91' lang='lat' dir='ltr'>liceret</span> <span class='ocrx_word' id='word_1_84' title='bbox 867 720 896 776; x_wconf 91' lang='lat' dir='ltr'>in</span> <span class='ocrx_word' id='word_1_85' title='bbox 948 719 1095 790; x_wconf 77' lang='lat' dir='ltr'>gerendum</span> <span class='ocrx_word' id='word_1_86' title='bbox 1110 720 1208 774; x_wconf 88' lang='lat' dir='ltr'>bellurn</span> <span class='ocrx_word' id='word_1_87' title='bbox 1232 736 1328 791; x_wconf 89' lang='lat' dir='ltr'>parom</span> <span class='ocrx_word' id='word_1_88' title='bbox 1350 721 1465 788; x_wconf 88' lang='lat' dir='ltr'>idoneis,</span> <span class='ocrx_word' id='word_1_89' title='bbox 1487 732 1515 779; x_wconf 91' lang='lat' dir='ltr'>et</span> <span class='ocrx_word' id='word_1_90' title='bbox 1528 739 1597 779; x_wconf 89' lang='lat' dir='ltr'>nova</span> <span class='ocrx_word' id='word_1_91' title='bbox 1621 725 1735 781; x_wconf 90' lang='lat' dir='ltr'>crimina</span> 
     </span>
     <span class='ocr_line' id='line_1_8' title="bbox 102 807 1733 883; baseline 0.004 -18"><span class='ocrx_word' id='word_1_92' title='bbox 102 823 189 882; x_wconf 71' lang='lat' dir='ltr'>regno</span> <span class='ocrx_word' id='word_1_93' title='bbox 202 824 253 865; x_wconf 90' lang='lat' dir='ltr'>sno</span> <span class='ocrx_word' id='word_1_94' title='bbox 266 824 363 880; x_wconf 85' lang='lat' dir='ltr'>papam</span> <span class='ocrx_word' id='word_1_95' title='bbox 379 808 528 864; x_wconf 86' lang='lat' dir='ltr'>nominare.</span> <span class='ocrx_word' id='word_1_96' title='bbox 546 825 556 863; x_wconf 88' lang='lat' dir='ltr'>t</span> <span class='ocrx_word' id='word_1_97' title='bbox 573 807 642 865; x_wconf 90' lang='lat' dir='ltr'>ilinc</span> <span class='ocrx_word' id='word_1_98' title='bbox 656 810 739 880; x_wconf 74' lang='lat' dir='ltr'>igitur</span> <span class='ocrx_word' id='word_1_99' title='bbox 751 821 809 866; x_wconf 89' lang='lat' dir='ltr'>orta</span> <span class='ocrx_word' id='word_1_100' title='bbox 820 827 896 882; x_wconf 82' lang='lat' dir='ltr'>rprae·</span> <span class='ocrx_word' id='word_1_101' title='bbox 950 811 1052 866; x_wconf 89' lang='lat' dir='ltr'>inlerre</span> <span class='ocrx_word' id='word_1_102' title='bbox 1069 812 1102 867; x_wconf 92' lang='lat' dir='ltr'>de</span> <span class='ocrx_word' id='word_1_103' title='bbox 1118 812 1161 867; x_wconf 91' lang='lat' dir='ltr'>his</span> <span class='ocrx_word' id='word_1_104' title='bbox 1175 828 1235 883; x_wconf 75' lang='lat' dir='ltr'>qua</span> <span class='ocrx_word' id='word_1_105' title='bbox 1246 813 1392 869; x_wconf 81' lang='lat' dir='ltr'>Anselnms</span> <span class='ocrx_word' id='word_1_106' title='bbox 1404 816 1437 869; x_wconf 90' lang='lat' dir='ltr'>dc</span> <span class='ocrx_word' id='word_1_107' title='bbox 1447 815 1633 871; x_wconf 89' lang='lat' dir='ltr'>ecclesiastica</span> <span class='ocrx_word' id='word_1_108' title='bbox 1648 815 1733 872; x_wconf 88' lang='lat' dir='ltr'>liher-</span> 
     </span>
     <span class='ocr_line' id='line_1_9' title="bbox 102 902 1734 977; baseline 0 -15"><span class='ocrx_word' id='word_1_109' title='bbox 102 907 166 962; x_wconf 86' lang='lat' dir='ltr'>dam</span> <span class='ocrx_word' id='word_1_110' title='bbox 180 905 273 977; x_wconf 74' lang='lat' dir='ltr'>gravis</span> <span class='ocrx_word' id='word_1_111' title='bbox 287 904 419 962; x_wconf 75' lang='lat' dir='ltr'>dissensio</span> <span class='ocrx_word' id='word_1_112' title='bbox 436 910 490 967; x_wconf 88' lang='lat' dir='ltr'>est,</span> <span class='ocrx_word' id='word_1_113' title='bbox 505 902 591 959; x_wconf 89' lang='lat' dir='ltr'>sedin</span> <span class='ocrx_word' id='word_1_114' title='bbox 603 902 677 958; x_wconf 89' lang='lat' dir='ltr'>alind</span> <span class='ocrx_word' id='word_1_115' title='bbox 692 913 796 972; x_wconf 89' lang='lat' dir='ltr'>tempos</span> <span class='ocrx_word' id='word_1_116' title='bbox 809 905 896 959; x_wconf 88' lang='lat' dir='ltr'>discn-</span> <span class='ocrx_word' id='word_1_117' title='bbox 947 910 1002 958; x_wconf 87' lang='lat' dir='ltr'>tate</span> <span class='ocrx_word' id='word_1_118' title='bbox 1014 903 1198 973; x_wconf 88' lang='lat' dir='ltr'>recuperanda</span> <span class='ocrx_word' id='word_1_119' title='bbox 1214 913 1294 974; x_wconf 87' lang='lat' dir='ltr'>atque</span> <span class='ocrx_word' id='word_1_120' title='bbox 1305 905 1459 973; x_wconf 89' lang='lat' dir='ltr'>retinenda,</span> <span class='ocrx_word' id='word_1_121' title='bbox 1470 922 1520 962; x_wconf 90' lang='lat' dir='ltr'>nec</span> <span class='ocrx_word' id='word_1_122' title='bbox 1536 922 1588 961; x_wconf 94' lang='lat' dir='ltr'>nou</span> <span class='ocrx_word' id='word_1_123' title='bbox 1603 907 1637 963; x_wconf 91' lang='lat' dir='ltr'>de</span> <span class='ocrx_word' id='word_1_124' title='bbox 1651 907 1734 962; x_wconf 88' lang='lat' dir='ltr'>vasti·</span> 
     </span>
     <span class='ocr_line' id='line_1_10' title="bbox 103 992 1735 1065; baseline 0.002 -16"><span class='ocrx_word' id='word_1_125' title='bbox 103 995 196 1052; x_wconf 86' lang='lat' dir='ltr'>tienda</span> <span class='ocrx_word' id='word_1_126' title='bbox 209 1004 254 1051; x_wconf 89' lang='lat' dir='ltr'>est</span> <span class='ocrx_word' id='word_1_127' title='bbox 267 992 366 1050; x_wconf 85' lang='lat' dir='ltr'>delata.</span> <span class='ocrx_word' id='word_1_128' title='bbox 379 992 461 1048; x_wconf 80' lang='lat' dir='ltr'>lubet</span> <span class='ocrx_word' id='word_1_129' title='bbox 479 1007 546 1061; x_wconf 76' lang='lat' dir='ltr'>ergo</span> <span class='ocrx_word' id='word_1_130' title='bbox 562 1000 592 1047; x_wconf 92' lang='lat' dir='ltr'>ut</span> <span class='ocrx_word' id='word_1_131' title='bbox 611 993 696 1048; x_wconf 89' lang='lat' dir='ltr'>totius</span> <span class='ocrx_word' id='word_1_132' title='bbox 716 993 821 1064; x_wconf 80' lang='lat' dir='ltr'>Angliae</span> <span class='ocrx_word' id='word_1_133' title='bbox 842 995 897 1065; x_wconf 90' lang='lat' dir='ltr'>epi·</span> <span class='ocrx_word' id='word_1_134' title='bbox 947 998 1039 1047; x_wconf 91' lang='lat' dir='ltr'>tateet</span> <span class='ocrx_word' id='word_1_135' title='bbox 1055 993 1132 1048; x_wconf 88' lang='lat' dir='ltr'>ruina</span> <span class='ocrx_word' id='word_1_136' title='bbox 1150 994 1341 1061; x_wconf 86' lang='lat' dir='ltr'>ecclesiarum,</span> <span class='ocrx_word' id='word_1_137' title='bbox 1355 1010 1415 1065; x_wconf 86' lang='lat' dir='ltr'>qnae</span> <span class='ocrx_word' id='word_1_138' title='bbox 1436 998 1508 1065; x_wconf 82' lang='lat' dir='ltr'>regis</span> <span class='ocrx_word' id='word_1_139' title='bbox 1534 997 1673 1053; x_wconf 81' lang='lat' dir='ltr'>invasione</span> <span class='ocrx_word' id='word_1_140' title='bbox 1690 1012 1735 1052; x_wconf 88' lang='lat' dir='ltr'>ac·</span> 
     </span>
     <span class='ocr_line' id='line_1_11' title="bbox 105 1082 1736 1158; baseline -0.002 -14"><span class='ocrx_word' id='word_1_141' title='bbox 105 1088 195 1158; x_wconf 83' lang='lat' dir='ltr'>scopi,</span> <span class='ocrx_word' id='word_1_142' title='bbox 207 1085 333 1152; x_wconf 85' lang='lat' dir='ltr'>abbates,</span> <span class='ocrx_word' id='word_1_143' title='bbox 349 1095 377 1141; x_wconf 91' lang='lat' dir='ltr'>et</span> <span class='ocrx_word' id='word_1_144' title='bbox 390 1084 529 1156; x_wconf 88' lang='lat' dir='ltr'>principes</span> <span class='ocrx_word' id='word_1_145' title='bbox 541 1084 575 1139; x_wconf 90' lang='lat' dir='ltr'>ad</span> <span class='ocrx_word' id='word_1_146' title='bbox 599 1085 794 1140; x_wconf 85' lang='lat' dir='ltr'>discussionem</span> <span class='ocrx_word' id='word_1_147' title='bbox 815 1085 898 1142; x_wconf 53' lang='lat' dir='ltr'>dissi*</span> <span class='ocrx_word' id='word_1_148' title='bbox 947 1082 1078 1150; x_wconf 89' lang='lat' dir='ltr'>ciderant,</span> <span class='ocrx_word' id='word_1_149' title='bbox 1093 1083 1203 1138; x_wconf 86' lang='lat' dir='ltr'>liberius</span> <span class='ocrx_word' id='word_1_150' title='bbox 1215 1094 1242 1139; x_wconf 91' lang='lat' dir='ltr'>et</span> <span class='ocrx_word' id='word_1_151' title='bbox 1258 1083 1345 1152; x_wconf 90' lang='lat' dir='ltr'>palam</span> <span class='ocrx_word' id='word_1_152' title='bbox 1357 1094 1385 1141; x_wconf 92' lang='lat' dir='ltr'>et</span> <span class='ocrx_word' id='word_1_153' title='bbox 1399 1102 1491 1141; x_wconf 88' lang='lat' dir='ltr'>secum</span> <span class='ocrx_word' id='word_1_154' title='bbox 1512 1087 1637 1157; x_wconf 88' lang='lat' dir='ltr'>privatim</span> <span class='ocrx_word' id='word_1_155' title='bbox 1664 1087 1736 1157; x_wconf 74' lang='lat' dir='ltr'>epis·</span> 
     </span>
     <span class='ocr_line' id='line_1_12' title="bbox 103 1173 1736 1248; baseline -0.004 -12"><span class='ocrx_word' id='word_1_156' title='bbox 103 1180 141 1236; x_wconf 92' lang='lat' dir='ltr'>dii</span> <span class='ocrx_word' id='word_1_157' title='bbox 165 1176 247 1247; x_wconf 87' lang='lat' dir='ltr'>hujus</span> <span class='ocrx_word' id='word_1_158' title='bbox 259 1177 331 1248; x_wconf 91' lang='lat' dir='ltr'>apud</span> <span class='ocrx_word' id='word_1_159' title='bbox 347 1185 480 1243; x_wconf 83' lang='lat' dir='ltr'>castrum,</span> <span class='ocrx_word' id='word_1_160' title='bbox 509 1175 582 1245; x_wconf 85' lang='lat' dir='ltr'>quod</span> <span class='ocrx_word' id='word_1_161' title='bbox 597 1174 765 1245; x_wconf 75' lang='lat' dir='ltr'>llochingam</span> <span class='ocrx_word' id='word_1_162' title='bbox 786 1175 896 1244; x_wconf 90' lang='lat' dir='ltr'>dicitnr,</span> <span class='ocrx_word' id='word_1_163' title='bbox 946 1183 997 1228; x_wconf 90' lang='lat' dir='ltr'>set.</span> <span class='ocrx_word' id='word_1_164' title='bbox 1010 1173 1113 1241; x_wconf 87' lang='lat' dir='ltr'>Quibus</span> <span class='ocrx_word' id='word_1_165' title='bbox 1127 1175 1186 1230; x_wconf 90' lang='lat' dir='ltr'>suis</span> <span class='ocrx_word' id='word_1_166' title='bbox 1201 1173 1282 1230; x_wconf 85' lang='lat' dir='ltr'>luctis</span> <span class='ocrx_word' id='word_1_167' title='bbox 1296 1176 1447 1242; x_wconf 87' lang='lat' dir='ltr'>recensitis,</span> <span class='ocrx_word' id='word_1_168' title='bbox 1460 1177 1538 1231; x_wconf 89' lang='lat' dir='ltr'>dator</span> <span class='ocrx_word' id='word_1_169' title='bbox 1553 1176 1624 1232; x_wconf 87' lang='lat' dir='ltr'>illico</span> <span class='ocrx_word' id='word_1_170' title='bbox 1638 1176 1736 1232; x_wconf 79' lang='lat' dir='ltr'>Ansel·</span> 
     </span>
     <span class='ocr_line' id='line_1_13' title="bbox 103 1267 1735 1340; baseline 0.001 -16"><span class='ocrx_word' id='word_1_171' title='bbox 103 1285 158 1325; x_wconf 93' lang='lat' dir='ltr'>una</span> <span class='ocrx_word' id='word_1_172' title='bbox 171 1269 294 1324; x_wconf 86' lang='lat' dir='ltr'>veniant.</span> <span class='ocrx_word' id='word_1_173' title='bbox 303 1267 414 1323; x_wconf 77' lang='lat' dir='ltr'>Factum</span> <span class='ocrx_word' id='word_1_174' title='bbox 423 1276 511 1334; x_wconf 67' lang='lat' dir='ltr'>estet</span> <span class='ocrx_word' id='word_1_175' title='bbox 523 1268 603 1325; x_wconf 89' lang='lat' dir='ltr'>tertia</span> <span class='ocrx_word' id='word_1_176' title='bbox 614 1270 897 1340; x_wconf 84' lang='lat' dir='ltr'>septimanaQnadra·</span> <span class='ocrx_word' id='word_1_177' title='bbox 946 1281 991 1319; x_wconf 90' lang='lat' dir='ltr'>ruo</span> <span class='ocrx_word' id='word_1_178' title='bbox 1006 1267 1147 1336; x_wconf 82' lang='lat' dir='ltr'>utriusque</span> <span class='ocrx_word' id='word_1_179' title='bbox 1159 1268 1196 1323; x_wconf 89' lang='lat' dir='ltr'>rei</span> <span class='ocrx_word' id='word_1_180' title='bbox 1210 1267 1325 1325; x_wconf 77' lang='lat' dir='ltr'>facultas</span> <span class='ocrx_word' id='word_1_181' title='bbox 1341 1277 1421 1339; x_wconf 86' lang='lat' dir='ltr'>atque</span> <span class='ocrx_word' id='word_1_182' title='bbox 1432 1271 1517 1339; x_wconf 88' lang='lat' dir='ltr'>optio,</span> <span class='ocrx_word' id='word_1_183' title='bbox 1530 1271 1587 1326; x_wconf 91' lang='lat' dir='ltr'>sive</span> <span class='ocrx_word' id='word_1_184' title='bbox 1609 1269 1735 1326; x_wconf 89' lang='lat' dir='ltr'>manendi</span> 
     </span>
     <span class='ocr_line' id='line_1_14' title="bbox 102 1356 1739 1432; baseline 0.004 -16"><span class='ocrx_word' id='word_1_185' title='bbox 102 1361 225 1432; x_wconf 77' lang='lat' dir='ltr'>pssinrae,</span> <span class='ocrx_word' id='word_1_186' title='bbox 239 1356 665 1429; x_wconf 83' lang='lat' dir='ltr'>juxtaedictum,convenernut.</span> <span class='ocrx_word' id='word_1_187' title='bbox 681 1359 770 1416; x_wconf 84' lang='lat' dir='ltr'>Causa</span> <span class='ocrx_word' id='word_1_188' title='bbox 794 1361 821 1416; x_wconf 89' lang='lat' dir='ltr'>in</span> <span class='ocrx_word' id='word_1_189' title='bbox 838 1375 896 1416; x_wconf 90' lang='lat' dir='ltr'>me·</span> <span class='ocrx_word' id='word_1_190' title='bbox 946 1356 974 1411; x_wconf 92' lang='lat' dir='ltr'>iu</span> <span class='ocrx_word' id='word_1_191' title='bbox 987 1357 1190 1427; x_wconf 73' lang='lat' dir='ltr'>regnnangliaa</span> <span class='ocrx_word' id='word_1_192' title='bbox 1216 1375 1277 1414; x_wconf 80' lang='grc'><strong>111111</strong></span> <span class='ocrx_word' id='word_1_193' title='bbox 1302 1375 1334 1415; x_wconf 69' lang='lat' dir='ltr'>ea</span> <span class='ocrx_word' id='word_1_194' title='bbox 1357 1359 1530 1429; x_wconf 86' lang='lat' dir='ltr'>praestarione</span> <span class='ocrx_word' id='word_1_195' title='bbox 1552 1359 1688 1416; x_wconf 83' lang='lat' dir='ltr'>fidelitatis</span> <span class='ocrx_word' id='word_1_196' title='bbox 1709 1367 1739 1416; x_wconf 84' lang='grc'>11</span> 
     </span>
     <span class='ocr_line' id='line_1_15' title="bbox 102 1446 1739 1522; baseline 0.001 -16"><span class='ocrx_word' id='word_1_197' title='bbox 102 1447 494 1515; x_wconf 82' lang='lat' dir='ltr'>diumdueitur,et.tuselruus</span> <span class='ocrx_word' id='word_1_198' title='bbox 509 1449 746 1520; x_wconf 84' lang='lat' dir='ltr'>diversisqueretis</span> <span class='ocrx_word' id='word_1_199' title='bbox 760 1451 897 1509; x_wconf 91' lang='lat' dir='ltr'>hincinde</span> <span class='ocrx_word' id='word_1_200' title='bbox 946 1446 1068 1516; x_wconf 87' lang='lat' dir='ltr'>obsequii</span> <span class='ocrx_word' id='word_1_201' title='bbox 1080 1450 1147 1520; x_wconf 76' lang='lat' dir='ltr'>regi,</span> <span class='ocrx_word' id='word_1_202' title='bbox 1165 1465 1246 1519; x_wconf 87' lang='lat' dir='ltr'>qnam</span> <span class='ocrx_word' id='word_1_203' title='bbox 1259 1449 1437 1521; x_wconf 78' lang='lat' dir='ltr'>iurisiurandi</span> <span class='ocrx_word' id='word_1_204' title='bbox 1455 1452 1739 1522; x_wconf 86' lang='lat' dir='ltr'>sacramentoprnmi·</span> 
     </span>
     <span class='ocr_line' id='line_1_16' title="bbox 101 1540 1736 1614; baseline -0.001 -16"><span class='ocrx_word' id='word_1_205' title='bbox 101 1542 276 1607; x_wconf 90' lang='lat' dir='ltr'>concutitur;</span> <span class='ocrx_word' id='word_1_206' title='bbox 289 1541 424 1612; x_wconf 85' lang='lat' dir='ltr'>siqnidem</span> <span class='ocrx_word' id='word_1_207' title='bbox 436 1542 580 1610; x_wconf 86' lang='lat' dir='ltr'>multi,sed</span> <span class='ocrx_word' id='word_1_208' title='bbox 588 1543 706 1599; x_wconf 88' lang='lat' dir='ltr'>maxime</span> <span class='ocrx_word' id='word_1_209' title='bbox 714 1543 845 1614; x_wconf 79' lang='lat' dir='ltr'>episcopi,</span> <span class='ocrx_word' id='word_1_210' title='bbox 853 1559 894 1599; x_wconf 76' lang='lat' dir='ltr'>re·</span> <span class='ocrx_word' id='word_1_211' title='bbox 947 1547 1031 1606; x_wconf 86' lang='lat' dir='ltr'>serat,</span> <span class='ocrx_word' id='word_1_212' title='bbox 1043 1547 1096 1594; x_wconf 88' lang='lat' dir='ltr'>eta</span> <span class='ocrx_word' id='word_1_213' title='bbox 1111 1540 1296 1610; x_wconf 89' lang='lat' dir='ltr'>superioribus</span> <span class='ocrx_word' id='word_1_214' title='bbox 1308 1541 1520 1613; x_wconf 82' lang='lat' dir='ltr'>archiepiscopis</span> <span class='ocrx_word' id='word_1_215' title='bbox 1530 1542 1653 1613; x_wconf 74' lang='lat' dir='ltr'>praestari</span> <span class='ocrx_word' id='word_1_216' title='bbox 1664 1557 1736 1598; x_wconf 91' lang='lat' dir='ltr'>con·</span> 
     </span>
     <span class='ocr_line' id='line_1_17' title="bbox 100 1606 1738 1707; baseline -0.001 -20"><span class='ocrx_word' id='word_1_217' title='bbox 100 1631 891 1707; x_wconf 74' lang='lat' dir='ltr'>preroluntatilaverevolentes‚spretoaeqnitatisjndicio,</span> <span class='ocrx_word' id='word_1_218' title='bbox 908 1606 1041 1694; x_wconf 75' lang='lat' dir='ltr'>Benevit,</span> <span class='ocrx_word' id='word_1_219' title='bbox 1058 1639 1087 1686; x_wconf 92' lang='lat' dir='ltr'>et</span> <span class='ocrx_word' id='word_1_220' title='bbox 1110 1645 1145 1686; x_wconf 92' lang='lat' dir='ltr'>ne</span> <span class='ocrx_word' id='word_1_221' title='bbox 1176 1646 1338 1704; x_wconf 83' lang='lat' dir='ltr'>quacunque</span> <span class='ocrx_word' id='word_1_222' title='bbox 1357 1632 1391 1687; x_wconf 92' lang='lat' dir='ltr'>de</span> <span class='ocrx_word' id='word_1_223' title='bbox 1404 1634 1478 1689; x_wconf 89' lang='lat' dir='ltr'>read</span> <span class='ocrx_word' id='word_1_224' title='bbox 1497 1648 1593 1704; x_wconf 90' lang='lat' dir='ltr'>papam</span> <span class='ocrx_word' id='word_1_225' title='bbox 1615 1632 1649 1688; x_wconf 88' lang='lat' dir='ltr'>dc</span> <span class='ocrx_word' id='word_1_226' title='bbox 1675 1645 1738 1703; x_wconf 79' lang='lat' dir='ltr'>rege</span> 
     </span>
     <span class='ocr_line' id='line_1_18' title="bbox 101 1722 1735 1796; baseline 0.001 -17"><span class='ocrx_word' id='word_1_227' title='bbox 101 1725 128 1779; x_wconf 92' lang='lat' dir='ltr'>id</span> <span class='ocrx_word' id='word_1_228' title='bbox 140 1722 501 1794; x_wconf 83' lang='lat' dir='ltr'>probaretritebantorqtrod</span> <span class='ocrx_word' id='word_1_229' title='bbox 510 1725 894 1796; x_wconf 81' lang='lat' dir='ltr'>huschnos,salvaddeqnans</span> <span class='ocrx_word' id='word_1_230' title='bbox 944 1730 1117 1790; x_wconf 83' lang='lat' dir='ltr'>provocaret,</span> <span class='ocrx_word' id='word_1_231' title='bbox 1130 1734 1157 1778; x_wconf 90' lang='lat' dir='ltr'>et</span> <span class='ocrx_word' id='word_1_232' title='bbox 1183 1725 1321 1782; x_wconf 81' lang='lat' dir='ltr'>adsedem</span> <span class='ocrx_word' id='word_1_233' title='bbox 1354 1726 1532 1794; x_wconf 88' lang='lat' dir='ltr'>apostolicam</span> <span class='ocrx_word' id='word_1_234' title='bbox 1556 1723 1735 1795; x_wconf 83' lang='lat' dir='ltr'>appellaret:</span> 
     </span>
     <span class='ocr_line' id='line_1_19' title="bbox 101 1800 1736 1887; baseline 0.001 -18"><span class='ocrx_word' id='word_1_235' title='bbox 101 1815 159 1883; x_wconf 77' lang='lat' dir='ltr'>regi</span> <span class='ocrx_word' id='word_1_236' title='bbox 174 1813 302 1880; x_wconf 87' lang='lat' dir='ltr'>debebat,</span> <span class='ocrx_word' id='word_1_237' title='bbox 319 1812 474 1870; x_wconf 87' lang='lat' dir='ltr'>nullatenus</span> <span class='ocrx_word' id='word_1_238' title='bbox 494 1825 586 1885; x_wconf 88' lang='lat' dir='ltr'>posset</span> <span class='ocrx_word' id='word_1_239' title='bbox 598 1815 625 1871; x_wconf 92' lang='lat' dir='ltr'>iu</span> <span class='ocrx_word' id='word_1_240' title='bbox 643 1830 727 1887; x_wconf 77' lang='lat' dir='ltr'>regno</span> <span class='ocrx_word' id='word_1_241' title='bbox 742 1816 826 1887; x_wconf 90' lang='lat' dir='ltr'>ipsius</span> <span class='ocrx_word' id='word_1_242' title='bbox 843 1815 894 1872; x_wconf 86' lang='lat' dir='ltr'>Ur·</span> <span class='ocrx_word' id='word_1_243' title='bbox 944 1812 987 1868; x_wconf 88' lang='lat' dir='ltr'>rel</span> <span class='ocrx_word' id='word_1_244' title='bbox 999 1800 1146 1885; x_wconf 71' lang='lat' dir='ltr'>exungia</span> <span class='ocrx_word' id='word_1_245' title='bbox 1160 1830 1242 1887; x_wconf 75' lang='lat' dir='ltr'>regno</span> <span class='ocrx_word' id='word_1_246' title='bbox 1256 1817 1421 1883; x_wconf 90' lang='lat' dir='ltr'>discedendi,</span> <span class='ocrx_word' id='word_1_247' title='bbox 1439 1817 1512 1887; x_wconf 77' lang='lat' dir='ltr'>orrod</span> <span class='ocrx_word' id='word_1_248' title='bbox 1535 1817 1635 1871; x_wconf 83' lang='lat' dir='ltr'>honuni</span> <span class='ocrx_word' id='word_1_249' title='bbox 1656 1830 1736 1886; x_wconf 87' lang='lat' dir='ltr'>pere·</span> 
     </span>
     <span class='ocr_line' id='line_1_20' title="bbox 102 1901 1737 1983; baseline 0.004 -26"><span class='ocrx_word' id='word_1_250' title='bbox 102 1903 206 1957; x_wconf 84' lang='lat' dir='ltr'>harmru</span> <span class='ocrx_word' id='word_1_251' title='bbox 220 1901 295 1958; x_wconf 91' lang='lat' dir='ltr'>sedis</span> <span class='ocrx_word' id='word_1_252' title='bbox 312 1902 466 1973; x_wconf 84' lang='lat' dir='ltr'>apostolicae</span> <span class='ocrx_word' id='word_1_253' title='bbox 483 1903 624 1973; x_wconf 71' lang='lat' dir='ltr'>presulem</span> <span class='ocrx_word' id='word_1_254' title='bbox 640 1919 689 1974; x_wconf 90' lang='lat' dir='ltr'>pro</span> <span class='ocrx_word' id='word_1_255' title='bbox 704 1919 773 1974; x_wconf 89' lang='lat' dir='ltr'>papa</span> <span class='ocrx_word' id='word_1_256' title='bbox 789 1915 890 1962; x_wconf 86' lang='lat' dir='ltr'>tenere.</span> <span class='ocrx_word' id='word_1_257' title='bbox 944 1907 1023 1978; x_wconf 81' lang='lat' dir='ltr'>grino</span> <span class='ocrx_word' id='word_1_258' title='bbox 1036 1919 1064 1964; x_wconf 90' lang='lat' dir='ltr'>et</span> <span class='ocrx_word' id='word_1_259' title='bbox 1075 1910 1184 1964; x_wconf 86' lang='lat' dir='ltr'>advenae</span> <span class='ocrx_word' id='word_1_260' title='bbox 1195 1908 1301 1966; x_wconf 80' lang='lat' dir='ltr'>tlihieile</span> <span class='ocrx_word' id='word_1_261' title='bbox 1312 1925 1364 1967; x_wconf 93' lang='lat' dir='ltr'>uon</span> <span class='ocrx_word' id='word_1_262' title='bbox 1377 1911 1474 1966; x_wconf 87' lang='lat' dir='ltr'>luerat.</span> <span class='ocrx_word' id='word_1_263' title='bbox 1492 1908 1737 1983; x_wconf 80' lang='lat' dir='ltr'>ltaquehnsehnus</span> 
     </span>
     <span class='ocr_line' id='line_1_21' title="bbox 101 1994 1737 2067; baseline 0.004 -19"><span class='ocrx_word' id='word_1_264' title='bbox 101 1996 288 2062; x_wconf 75' lang='lat' dir='ltr'>Quibuscum</span> <span class='ocrx_word' id='word_1_265' title='bbox 307 1994 384 2064; x_wconf 89' lang='lat' dir='ltr'>plora</span> <span class='ocrx_word' id='word_1_266' title='bbox 402 2010 463 2066; x_wconf 77' lang='lat' dir='ltr'>quaa</span> <span class='ocrx_word' id='word_1_267' title='bbox 477 1996 549 2051; x_wconf 90' lang='lat' dir='ltr'>ratio</span> <span class='ocrx_word' id='word_1_268' title='bbox 565 1995 672 2062; x_wconf 87' lang='lat' dir='ltr'>tulerat,</span> <span class='ocrx_word' id='word_1_269' title='bbox 692 1996 799 2064; x_wconf 80' lang='lat' dir='ltr'>obiecta</span> <span class='ocrx_word' id='word_1_270' title='bbox 824 1996 893 2052; x_wconf 86' lang='lat' dir='ltr'>luis·</span> <span class='ocrx_word' id='word_1_271' title='bbox 944 1998 1101 2053; x_wconf 88' lang='lat' dir='ltr'>constitutis</span> <span class='ocrx_word' id='word_1_272' title='bbox 1111 1998 1162 2052; x_wconf 90' lang='lat' dir='ltr'>sihi</span> <span class='ocrx_word' id='word_1_273' title='bbox 1175 2000 1300 2056; x_wconf 89' lang='lat' dir='ltr'>undecim</span> <span class='ocrx_word' id='word_1_274' title='bbox 1312 2000 1415 2057; x_wconf 89' lang='lat' dir='ltr'>dierum</span> <span class='ocrx_word' id='word_1_275' title='bbox 1428 2000 1553 2063; x_wconf 88' lang='lat' dir='ltr'>induciis,</span> <span class='ocrx_word' id='word_1_276' title='bbox 1576 1999 1648 2053; x_wconf 91' lang='lat' dir='ltr'>intra</span> <span class='ocrx_word' id='word_1_277' title='bbox 1668 2013 1737 2067; x_wconf 85' lang='lat' dir='ltr'>quos</span> 
     </span>
     <span class='ocr_line' id='line_1_22' title="bbox 100 2085 1737 2160; baseline 0 -17"><span class='ocrx_word' id='word_1_278' title='bbox 100 2099 175 2152; x_wconf 77' lang='lat' dir='ltr'>seru,</span> <span class='ocrx_word' id='word_1_279' title='bbox 202 2095 230 2142; x_wconf 88' lang='lat' dir='ltr'>et</span> <span class='ocrx_word' id='word_1_280' title='bbox 248 2085 391 2143; x_wconf 85' lang='lat' dir='ltr'>huselrnos</span> <span class='ocrx_word' id='word_1_281' title='bbox 413 2101 461 2142; x_wconf 91' lang='lat' dir='ltr'>eos</span> <span class='ocrx_word' id='word_1_282' title='bbox 472 2102 505 2144; x_wconf 89' lang='lat' dir='ltr'>ex</span> <span class='ocrx_word' id='word_1_283' title='bbox 528 2088 619 2144; x_wconf 83' lang='lat' dir='ltr'>uerbis</span> <span class='ocrx_word' id='word_1_284' title='bbox 634 2088 739 2142; x_wconf 82' lang='lat' dir='ltr'>bonno</span> <span class='ocrx_word' id='word_1_285' title='bbox 760 2107 767 2143; x_wconf 91' lang='lat'>:</span> <span class='ocrx_word' id='word_1_286' title='bbox 784 2087 895 2143; x_wconf 80' lang='lat' dir='ltr'>Reddite</span> <span class='ocrx_word' id='word_1_287' title='bbox 945 2086 1078 2144; x_wconf 86' lang='lat' dir='ltr'>conlectis</span> <span class='ocrx_word' id='word_1_288' title='bbox 1089 2090 1240 2146; x_wconf 88' lang='lat' dir='ltr'>rationibus</span> <span class='ocrx_word' id='word_1_289' title='bbox 1253 2092 1318 2156; x_wconf 86' lang='lat' dir='ltr'>suis,</span> <span class='ocrx_word' id='word_1_290' title='bbox 1339 2092 1548 2146; x_wconf 80' lang='lat' dir='ltr'>transfretaret:</span> <span class='ocrx_word' id='word_1_291' title='bbox 1564 2089 1620 2159; x_wconf 78' lang='lat' dir='ltr'>Ego</span> <span class='ocrx_word' id='word_1_292' title='bbox 1637 2089 1737 2160; x_wconf 80' lang='lat' dir='ltr'>(irrqnit</span> 
     </span>
     <span class='ocr_line' id='line_1_23' title="bbox 99 2174 1735 2249; baseline 0.002 -19"><span class='ocrx_word' id='word_1_293' title='bbox 99 2193 161 2247; x_wconf 77' lang='lat' dir='ltr'>qno</span> <span class='ocrx_word' id='word_1_294' title='bbox 173 2187 235 2231; x_wconf 80' lang='lat' dir='ltr'>sunt</span> <span class='ocrx_word' id='word_1_295' title='bbox 249 2175 374 2242; x_wconf 77' lang='lat' dir='ltr'>Cereris,</span> <span class='ocrx_word' id='word_1_296' title='bbox 398 2174 510 2243; x_wconf 73' lang='lat' dir='ltr'>Coroni,</span> <span class='ocrx_word' id='word_1_297' title='bbox 524 2187 547 2232; x_wconf 87' lang='lat' dir='ltr'>et</span> <span class='ocrx_word' id='word_1_298' title='bbox 560 2195 619 2248; x_wconf 80' lang='lat' dir='ltr'>quo</span> <span class='ocrx_word' id='word_1_299' title='bbox 636 2177 695 2245; x_wconf 80' lang='lat' dir='ltr'>Dei,</span> <span class='ocrx_word' id='word_1_300' title='bbox 710 2178 765 2232; x_wconf 85' lang='lat' dir='ltr'>Deo</span> <span class='ocrx_word' id='word_1_301' title='bbox 784 2177 893 2247; x_wconf 75' lang='lat' dir='ltr'>(narrt.</span> <span class='ocrx_word' id='word_1_302' title='bbox 945 2177 1001 2248; x_wconf 76' lang='lat' dir='ltr'>regi</span> <span class='ocrx_word' id='word_1_303' title='bbox 1014 2188 1042 2233; x_wconf 91' lang='lat' dir='ltr'>et</span> <span class='ocrx_word' id='word_1_304' title='bbox 1057 2179 1225 2249; x_wconf 88' lang='lat' dir='ltr'>proceribus)</span> <span class='ocrx_word' id='word_1_305' title='bbox 1233 2183 1311 2246; x_wconf 82' lang='lat' dir='ltr'>rado,</span> <span class='ocrx_word' id='word_1_306' title='bbox 1326 2180 1403 2236; x_wconf 90' lang='lat' dir='ltr'>vohis</span> <span class='ocrx_word' id='word_1_307' title='bbox 1417 2188 1507 2235; x_wconf 92' lang='lat' dir='ltr'>taruen</span> <span class='ocrx_word' id='word_1_308' title='bbox 1520 2178 1735 2234; x_wconf 72' lang='lat' dir='ltr'>benedictionem</span> 
     </span>
     <span class='ocr_line' id='line_1_24' title="bbox 101 2266 1737 2342; baseline 0.001 -20"><span class='ocrx_word' id='word_1_309' title='bbox 101 2283 174 2334; x_wconf 84' lang='lat' dir='ltr'>xxu,</span> <span class='ocrx_word' id='word_1_310' title='bbox 187 2267 235 2337; x_wconf 62' lang='lat' dir='ltr'>hl)</span> <span class='ocrx_word' id='word_1_311' title='bbox 245 2285 253 2334; x_wconf 83' lang='lat'>;</span> <span class='ocrx_word' id='word_1_312' title='bbox 265 2266 381 2335; x_wconf 84' lang='lat' dir='ltr'>aliisque</span> <span class='ocrx_word' id='word_1_313' title='bbox 392 2266 682 2339; x_wconf 83' lang='lat' dir='ltr'>tronuullis,quaeratio</span> <span class='ocrx_word' id='word_1_314' title='bbox 692 2267 895 2326; x_wconf 87' lang='lat' dir='ltr'>nullarctellere</span> <span class='ocrx_word' id='word_1_315' title='bbox 945 2284 1044 2335; x_wconf 86' lang='lat' dir='ltr'>rocam,</span> <span class='ocrx_word' id='word_1_316' title='bbox 1057 2270 1079 2324; x_wconf 91' lang='lat' dir='ltr'>si</span> <span class='ocrx_word' id='word_1_317' title='bbox 1091 2284 1143 2324; x_wconf 91' lang='lat' dir='ltr'>non</span> <span class='ocrx_word' id='word_1_318' title='bbox 1155 2272 1339 2338; x_wconf 85' lang='lat' dir='ltr'>contemnitis,</span> <span class='ocrx_word' id='word_1_319' title='bbox 1351 2271 1501 2342; x_wconf 89' lang='lat' dir='ltr'>impertior.</span> <span class='ocrx_word' id='word_1_320' title='bbox 1513 2268 1599 2336; x_wconf 80' lang='lat' dir='ltr'>Quam</span> <span class='ocrx_word' id='word_1_321' title='bbox 1621 2284 1682 2324; x_wconf 87' lang='lat' dir='ltr'>curn</span> <span class='ocrx_word' id='word_1_322' title='bbox 1707 2282 1737 2325; x_wconf 89' lang='lat' dir='ltr'>se</span> 
     </span>
     <span class='ocr_line' id='line_1_25' title="bbox 100 2357 1734 2432; baseline -0.002 -16"><span class='ocrx_word' id='word_1_323' title='bbox 100 2357 893 2432; x_wconf 86' lang='lat' dir='ltr'>posset,penitusiulrenasset;illiecontra,quoddicerent,</span> <span class='ocrx_word' id='word_1_324' title='bbox 945 2371 994 2412; x_wconf 86' lang='lat' dir='ltr'>rex</span> <span class='ocrx_word' id='word_1_325' title='bbox 1008 2373 1060 2413; x_wconf 93' lang='lat' dir='ltr'>uon</span> <span class='ocrx_word' id='word_1_326' title='bbox 1072 2369 1226 2429; x_wconf 90' lang='lat' dir='ltr'>spreturum</span> <span class='ocrx_word' id='word_1_327' title='bbox 1238 2359 1317 2425; x_wconf 83' lang='lat' dir='ltr'>dixit,</span> <span class='ocrx_word' id='word_1_328' title='bbox 1326 2359 1471 2414; x_wconf 81' lang='lat' dir='ltr'>huselums</span> <span class='ocrx_word' id='word_1_329' title='bbox 1490 2359 1514 2414; x_wconf 91' lang='lat' dir='ltr'>ei</span> <span class='ocrx_word' id='word_1_330' title='bbox 1526 2358 1734 2414; x_wconf 83' lang='lat' dir='ltr'>levatadextera</span> 
     </span>
     <span class='ocr_line' id='line_1_26' title="bbox 100 2446 1731 2520; baseline 0 -16"><span class='ocrx_word' id='word_1_331' title='bbox 100 2465 156 2504; x_wconf 92' lang='lat' dir='ltr'>non</span> <span class='ocrx_word' id='word_1_332' title='bbox 171 2449 315 2516; x_wconf 83' lang='lat' dir='ltr'>hahentes,</span> <span class='ocrx_word' id='word_1_333' title='bbox 328 2463 391 2504; x_wconf 91' lang='lat' dir='ltr'>eum</span> <span class='ocrx_word' id='word_1_334' title='bbox 404 2448 432 2504; x_wconf 89' lang='lat' dir='ltr'>iu</span> <span class='ocrx_word' id='word_1_335' title='bbox 448 2463 537 2520; x_wconf 82' lang='lat' dir='ltr'>regem</span> <span class='ocrx_word' id='word_1_336' title='bbox 551 2449 738 2520; x_wconf 81' lang='lat' dir='ltr'>blasphemare</span> <span class='ocrx_word' id='word_1_337' title='bbox 754 2466 808 2506; x_wconf 85' lang='lat' dir='ltr'>orto</span> <span class='ocrx_word' id='word_1_338' title='bbox 821 2460 893 2506; x_wconf 91' lang='lat' dir='ltr'>stre·</span> <span class='ocrx_word' id='word_1_339' title='bbox 944 2446 1095 2514; x_wconf 85' lang='lat' dir='ltr'>benedixit,</span> <span class='ocrx_word' id='word_1_340' title='bbox 1107 2458 1135 2505; x_wconf 91' lang='lat' dir='ltr'>et</span> <span class='ocrx_word' id='word_1_341' title='bbox 1146 2448 1292 2505; x_wconf 78' lang='lat' dir='ltr'>cantuaria</span> <span class='ocrx_word' id='word_1_342' title='bbox 1317 2450 1451 2514; x_wconf 90' lang='lat' dir='ltr'>discessit,</span> <span class='ocrx_word' id='word_1_343' title='bbox 1474 2448 1511 2504; x_wconf 90' lang='lat' dir='ltr'>ihi</span> <span class='ocrx_word' id='word_1_344' title='bbox 1526 2449 1731 2519; x_wconf 87' lang='lat' dir='ltr'>quatuordecim</span> 
     </span>
     <span class='ocr_line' id='line_1_27' title="bbox 99 2538 1734 2615; baseline 0 -20"><span class='ocrx_word' id='word_1_345' title='bbox 99 2541 161 2608; x_wconf 88' lang='lat' dir='ltr'>pitu</span> <span class='ocrx_word' id='word_1_346' title='bbox 172 2541 594 2611; x_wconf 81' lang='lat' dir='ltr'>clamaverunt,quandoquidem</span> <span class='ocrx_word' id='word_1_347' title='bbox 603 2557 685 2598; x_wconf 89' lang='lat' dir='ltr'>ausos</span> <span class='ocrx_word' id='word_1_348' title='bbox 699 2553 759 2598; x_wconf 90' lang='lat' dir='ltr'>erat</span> <span class='ocrx_word' id='word_1_349' title='bbox 773 2543 800 2598; x_wconf 93' lang='lat' dir='ltr'>in</span> <span class='ocrx_word' id='word_1_350' title='bbox 810 2558 892 2615; x_wconf 78' lang='lat' dir='ltr'>regne</span> <span class='ocrx_word' id='word_1_351' title='bbox 946 2538 1004 2594; x_wconf 89' lang='lat' dir='ltr'>dies</span> <span class='ocrx_word' id='word_1_352' title='bbox 1016 2542 1128 2606; x_wconf 88' lang='lat' dir='ltr'>mansit,</span> <span class='ocrx_word' id='word_1_353' title='bbox 1142 2549 1180 2606; x_wconf 92' lang='lat' dir='ltr'>et,</span> <span class='ocrx_word' id='word_1_354' title='bbox 1193 2541 1324 2611; x_wconf 80' lang='lat' dir='ltr'>postridie</span> <span class='ocrx_word' id='word_1_355' title='bbox 1342 2556 1437 2596; x_wconf 89' lang='lat' dir='ltr'>navem</span> <span class='ocrx_word' id='word_1_356' title='bbox 1449 2541 1547 2596; x_wconf 86' lang='lat' dir='ltr'>lloveri</span> <span class='ocrx_word' id='word_1_357' title='bbox 1571 2557 1734 2598; x_wconf 89' lang='lat' dir='ltr'>conscensu·</span> 
     </span>
     <span class='ocr_line' id='line_1_28' title="bbox 98 2624 1734 2705; baseline -0.001 -16"><span class='ocrx_word' id='word_1_358' title='bbox 98 2633 233 2705; x_wconf 76' lang='lat' dir='ltr'>cirtslnisi</span> <span class='ocrx_word' id='word_1_359' title='bbox 244 2633 459 2702; x_wconf 86' lang='lat' dir='ltr'>ecconcedento)</span> <span class='ocrx_word' id='word_1_360' title='bbox 466 2634 611 2704; x_wconf 87' lang='lat' dir='ltr'>quidquam</span> <span class='ocrx_word' id='word_1_361' title='bbox 624 2634 665 2689; x_wconf 89' lang='lat' dir='ltr'>vel</span> <span class='ocrx_word' id='word_1_362' title='bbox 678 2633 732 2690; x_wconf 86' lang='lat' dir='ltr'>lien</span> <span class='ocrx_word' id='word_1_363' title='bbox 744 2635 893 2692; x_wconf 75' lang='lat' dir='ltr'>ascribere.</span> <span class='ocrx_word' id='word_1_364' title='bbox 944 2624 1003 2697; x_wconf 82' lang='lat' dir='ltr'>rus,</span> <span class='ocrx_word' id='word_1_365' title='bbox 1019 2637 1147 2700; x_wconf 86' lang='lat' dir='ltr'>tanquam</span> <span class='ocrx_word' id='word_1_366' title='bbox 1162 2631 1277 2702; x_wconf 76' lang='lat' dir='ltr'>insignis</span> <span class='ocrx_word' id='word_1_367' title='bbox 1293 2631 1408 2702; x_wconf 83' lang='lat' dir='ltr'>alicujus</span> <span class='ocrx_word' id='word_1_368' title='bbox 1422 2630 1544 2688; x_wconf 90' lang='lat' dir='ltr'>criminis</span> <span class='ocrx_word' id='word_1_369' title='bbox 1562 2648 1651 2688; x_wconf 89' lang='lat' dir='ltr'>reusa</span> <span class='ocrx_word' id='word_1_370' title='bbox 1670 2648 1734 2702; x_wconf 67' lang='lat' dir='ltr'>‹prro-</span> 
     </span>
     <span class='ocr_line' id='line_1_29' title="bbox 99 2721 1723 2796; baseline -0.001 -18"><span class='ocrx_word' id='word_1_371' title='bbox 99 2723 203 2792; x_wconf 79' lang='lat' dir='ltr'>lgitur,</span> <span class='ocrx_word' id='word_1_372' title='bbox 218 2724 253 2779; x_wconf 91' lang='lat' dir='ltr'>ad</span> <span class='ocrx_word' id='word_1_373' title='bbox 274 2738 356 2779; x_wconf 89' lang='lat' dir='ltr'>unam</span> <span class='ocrx_word' id='word_1_374' title='bbox 371 2723 453 2795; x_wconf 78' lang='lat' dir='ltr'>regim</span> <span class='ocrx_word' id='word_1_375' title='bbox 467 2723 661 2796; x_wconf 81' lang='lat' dir='ltr'>indignationis</span> <span class='ocrx_word' id='word_1_376' title='bbox 676 2740 769 2780; x_wconf 89' lang='lat' dir='ltr'>vocem</span> <span class='ocrx_word' id='word_1_377' title='bbox 785 2727 894 2795; x_wconf 88' lang='lat' dir='ltr'>quidam</span> <span class='ocrx_word' id='word_1_378' title='bbox 946 2721 1006 2776; x_wconf 89' lang='lat' dir='ltr'>darn</span> <span class='ocrx_word' id='word_1_379' title='bbox 1020 2722 1163 2778; x_wconf 87' lang='lat' dir='ltr'>Guillclmo</span> <span class='ocrx_word' id='word_1_380' title='bbox 1173 2722 1274 2779; x_wconf 88' lang='lat' dir='ltr'>clerieo</span> <span class='ocrx_word' id='word_1_381' title='bbox 1290 2725 1359 2794; x_wconf 76' lang='lat' dir='ltr'>regis</span> <span class='ocrx_word' id='word_1_382' title='bbox 1373 2724 1406 2778; x_wconf 93' lang='lat' dir='ltr'>ad</span> <span class='ocrx_word' id='word_1_383' title='bbox 1419 2724 1457 2780; x_wconf 85' lang='lat' dir='ltr'>id.</span> <span class='ocrx_word' id='word_1_384' title='bbox 1471 2724 1569 2779; x_wconf 90' lang='lat' dir='ltr'>uuutio</span> <span class='ocrx_word' id='word_1_385' title='bbox 1584 2723 1723 2779; x_wconf 84' lang='lat' dir='ltr'>detinetur</span> 
     </span>
     <span class='ocr_line' id='line_1_30' title="bbox 99 2814 1739 2888; baseline 0.002 -21"><span class='ocrx_word' id='word_1_386' title='bbox 99 2832 136 2872; x_wconf 74' lang='lat' dir='ltr'>er</span> <span class='ocrx_word' id='word_1_387' title='bbox 147 2818 284 2888; x_wconf 84' lang='lat' dir='ltr'>episcopis</span> <span class='ocrx_word' id='word_1_388' title='bbox 294 2817 497 2886; x_wconf 83' lang='lat' dir='ltr'>archiepiscopo</span> <span class='ocrx_word' id='word_1_389' title='bbox 508 2831 557 2873; x_wconf 88' lang='lat' dir='ltr'>sun</span> <span class='ocrx_word' id='word_1_390' title='bbox 570 2826 650 2888; x_wconf 80' lang='lat' dir='ltr'>atque</span> <span class='ocrx_word' id='word_1_391' title='bbox 663 2818 771 2887; x_wconf 83' lang='lat' dir='ltr'>primati</span> <span class='ocrx_word' id='word_1_392' title='bbox 786 2833 894 2873; x_wconf 89' lang='lat' dir='ltr'>omnem</span> <span class='ocrx_word' id='word_1_393' title='bbox 946 2814 1032 2869; x_wconf 87' lang='lat' dir='ltr'>donec</span> <span class='ocrx_word' id='word_1_394' title='bbox 1052 2829 1149 2884; x_wconf 77' lang='lat' dir='ltr'>magna</span> <span class='ocrx_word' id='word_1_395' title='bbox 1163 2814 1248 2884; x_wconf 86' lang='lat' dir='ltr'>plebis</span> <span class='ocrx_word' id='word_1_396' title='bbox 1262 2825 1368 2871; x_wconf 84' lang='lat' dir='ltr'>astante</span> <span class='ocrx_word' id='word_1_397' title='bbox 1379 2831 1489 2881; x_wconf 86' lang='lat' dir='ltr'>corona,</span> <span class='ocrx_word' id='word_1_398' title='bbox 1511 2814 1680 2887; x_wconf 84' lang='lat' dir='ltr'>supellectile</span> <span class='ocrx_word' id='word_1_399' title='bbox 1689 2830 1739 2870; x_wconf 89' lang='lat' dir='ltr'>sua</span> 
     </span>
     <span class='ocr_line' id='line_1_31' title="bbox 100 2905 1737 2978; baseline 0.002 -20"><span class='ocrx_word' id='word_1_400' title='bbox 100 2907 311 2976; x_wconf 59' lang='lat' dir='ltr'>evidentiorem,</span> <span class='ocrx_word' id='word_1_401' title='bbox 327 2915 409 2978; x_wconf 88' lang='lat' dir='ltr'>atque</span> <span class='ocrx_word' id='word_1_402' title='bbox 429 2907 579 2978; x_wconf 79' lang='lat' dir='ltr'>professam</span> <span class='ocrx_word' id='word_1_403' title='bbox 590 2909 771 2965; x_wconf 78' lang='lat' dir='ltr'>obedientiam</span> <span class='ocrx_word' id='word_1_404' title='bbox 784 2910 894 2966; x_wconf 77' lang='lat' dir='ltr'>nvtnim-</span> <span class='ocrx_word' id='word_1_405' title='bbox 948 2912 1001 2958; x_wconf 89' lang='lat' dir='ltr'>tota</span> <span class='ocrx_word' id='word_1_406' title='bbox 1017 2914 1204 2974; x_wconf 90' lang='lat' dir='ltr'>perscrutata,</span> <span class='ocrx_word' id='word_1_407' title='bbox 1230 2905 1308 2962; x_wconf 89' lang='lat' dir='ltr'>honis</span> <span class='ocrx_word' id='word_1_408' title='bbox 1332 2907 1457 2962; x_wconf 90' lang='lat' dir='ltr'>mnuihns</span> <span class='ocrx_word' id='word_1_409' title='bbox 1479 2916 1585 2971; x_wconf 87' lang='lat' dir='ltr'>exutus,</span> <span class='ocrx_word' id='word_1_410' title='bbox 1609 2916 1737 2977; x_wconf 90' lang='lat' dir='ltr'>superato</span> 
     </span>
     <span class='ocr_line' id='line_1_32' title="bbox 100 2995 1737 3072; baseline 0 -21"><span class='ocrx_word' id='word_1_411' title='bbox 100 3006 167 3068; x_wconf 85' lang='lat' dir='ltr'>peto</span> <span class='ocrx_word' id='word_1_412' title='bbox 175 2999 322 3070; x_wconf 75' lang='lat' dir='ltr'>abnegant,</span> <span class='ocrx_word' id='word_1_413' title='bbox 330 2998 825 3068; x_wconf 81' lang='lat' dir='ltr'>eiqneunitatemfraternaesocictatis</span> <span class='ocrx_word' id='word_1_414' title='bbox 836 3001 893 3072; x_wconf 89' lang='lat' dir='ltr'>pari</span> <span class='ocrx_word' id='word_1_415' title='bbox 947 2997 1028 3065; x_wconf 87' lang='lat' dir='ltr'>mari,</span> <span class='ocrx_word' id='word_1_416' title='bbox 1045 2998 1134 3053; x_wconf 90' lang='lat' dir='ltr'>alieno</span> <span class='ocrx_word' id='word_1_417' title='bbox 1149 2997 1235 3053; x_wconf 90' lang='lat' dir='ltr'>littori</span> <span class='ocrx_word' id='word_1_418' title='bbox 1255 2998 1342 3053; x_wconf 91' lang='lat' dir='ltr'>nudus</span> <span class='ocrx_word' id='word_1_419' title='bbox 1370 2998 1572 3068; x_wconf 76' lang='lat' dir='ltr'>expositnsest</span> <span class='ocrx_word' id='word_1_420' title='bbox 1586 2997 1649 3054; x_wconf 83' lang='lat' dir='ltr'>Post</span> <span class='ocrx_word' id='word_1_421' title='bbox 1677 2995 1737 3064; x_wconf 83' lang='lat' dir='ltr'>eins</span> 
     </span>
     <span class='ocr_line' id='line_1_33' title="bbox 100 3086 1732 3162; baseline 0.001 -20"><span class='ocrx_word' id='word_1_422' title='bbox 100 3099 167 3144; x_wconf 84' lang='lat' dir='ltr'>rruo</span> <span class='ocrx_word' id='word_1_423' title='bbox 183 3088 334 3144; x_wconf 85' lang='lat' dir='ltr'>miserandi</span> <span class='ocrx_word' id='word_1_424' title='bbox 349 3086 486 3160; x_wconf 81' lang='lat' dir='ltr'>abjurant.</span> <span class='ocrx_word' id='word_1_425' title='bbox 495 3087 610 3156; x_wconf 83' lang='lat' dir='ltr'>Quidam</span> <span class='ocrx_word' id='word_1_426' title='bbox 622 3089 723 3145; x_wconf 89' lang='lat' dir='ltr'>veroin</span> <span class='ocrx_word' id='word_1_427' title='bbox 736 3090 776 3146; x_wconf 87' lang='lat' dir='ltr'>eis</span> <span class='ocrx_word' id='word_1_428' title='bbox 790 3098 892 3146; x_wconf 85' lang='lat' dir='ltr'>tantrun</span> <span class='ocrx_word' id='word_1_429' title='bbox 944 3090 1103 3156; x_wconf 85' lang='lat' dir='ltr'>discessum,</span> <span class='ocrx_word' id='word_1_430' title='bbox 1118 3105 1165 3146; x_wconf 89' lang='lat' dir='ltr'>rex</span> <span class='ocrx_word' id='word_1_431' title='bbox 1178 3091 1337 3162; x_wconf 86' lang='lat' dir='ltr'>proscripsit</span> <span class='ocrx_word' id='word_1_432' title='bbox 1350 3091 1439 3146; x_wconf 90' lang='lat' dir='ltr'>omnia</span> <span class='ocrx_word' id='word_1_433' title='bbox 1451 3105 1511 3161; x_wconf 78' lang='lat' dir='ltr'>quaa</span> <span class='ocrx_word' id='word_1_434' title='bbox 1520 3090 1640 3146; x_wconf 82' lang='lat' dir='ltr'>hnselmi</span> <span class='ocrx_word' id='word_1_435' title='bbox 1662 3089 1732 3159; x_wconf 82' lang='lat' dir='ltr'>juris</span> 
     </span>
     <span class='ocr_line' id='line_1_34' title="bbox 101 3178 1735 3252; baseline 0 -20"><span class='ocrx_word' id='word_1_436' title='bbox 101 3194 164 3250; x_wconf 85' lang='lat' dir='ltr'>qrtrs</span> <span class='ocrx_word' id='word_1_437' title='bbox 177 3192 212 3234; x_wconf 88' lang='lat' dir='ltr'>ex</span> <span class='ocrx_word' id='word_1_438' title='bbox 226 3187 306 3250; x_wconf 87' lang='lat' dir='ltr'>parte</span> <span class='ocrx_word' id='word_1_439' title='bbox 321 3178 505 3251; x_wconf 86' lang='lat' dir='ltr'>Urbanipapae</span> <span class='ocrx_word' id='word_1_440' title='bbox 515 3182 676 3251; x_wconf 73' lang='lat' dir='ltr'>preciperet</span> <span class='ocrx_word' id='word_1_441' title='bbox 694 3181 731 3236; x_wconf 92' lang='lat' dir='ltr'>illi</span> <span class='ocrx_word' id='word_1_442' title='bbox 749 3196 778 3237; x_wconf 91' lang='lat' dir='ltr'>se</span> <span class='ocrx_word' id='word_1_443' title='bbox 795 3191 895 3252; x_wconf 77' lang='lat' dir='ltr'>negant</span> <span class='ocrx_word' id='word_1_444' title='bbox 945 3189 1035 3245; x_wconf 89' lang='lat' dir='ltr'>erant,</span> <span class='ocrx_word' id='word_1_445' title='bbox 1053 3189 1082 3236; x_wconf 92' lang='lat' dir='ltr'>et</span> <span class='ocrx_word' id='word_1_446' title='bbox 1095 3181 1122 3236; x_wconf 90' lang='lat' dir='ltr'>in</span> <span class='ocrx_word' id='word_1_447' title='bbox 1137 3197 1217 3237; x_wconf 87' lang='lat' dir='ltr'>suurn</span> <span class='ocrx_word' id='word_1_448' title='bbox 1241 3184 1389 3238; x_wconf 91' lang='lat' dir='ltr'>dominium</span> <span class='ocrx_word' id='word_1_449' title='bbox 1412 3181 1600 3247; x_wconf 72' lang='lat' dir='ltr'>transtulit,&#39;et</span> <span class='ocrx_word' id='word_1_450' title='bbox 1611 3197 1735 3251; x_wconf 78' lang='lat' dir='ltr'>qrracurr-</span> 
     </span>
     <span class='ocr_line' id='line_1_35' title="bbox 101 3268 1734 3345; baseline -0.004 -17"><span class='ocrx_word' id='word_1_451' title='bbox 101 3272 275 3328; x_wconf 86' lang='lat' dir='ltr'>obedituros.</span> <span class='ocrx_word' id='word_1_452' title='bbox 299 3271 423 3343; x_wconf 80' lang='lat' dir='ltr'>Episcopi</span> <span class='ocrx_word' id='word_1_453' title='bbox 441 3276 534 3344; x_wconf 87' lang='lat' dir='ltr'>itaquo</span> <span class='ocrx_word' id='word_1_454' title='bbox 558 3287 653 3328; x_wconf 87' lang='lat' dir='ltr'>omnes</span> <span class='ocrx_word' id='word_1_455' title='bbox 675 3272 807 3345; x_wconf 81' lang='lat' dir='ltr'>(lindensi</span> <span class='ocrx_word' id='word_1_456' title='bbox 836 3276 894 3332; x_wconf 81' lang='lat' dir='ltr'>solo</span> <span class='ocrx_word' id='word_1_457' title='bbox 944 3282 996 3338; x_wconf 83' lang='lat' dir='ltr'>otte</span> <span class='ocrx_word' id='word_1_458' title='bbox 1010 3276 1154 3336; x_wconf 90' lang='lat' dir='ltr'>statuerat,</span> <span class='ocrx_word' id='word_1_459' title='bbox 1169 3269 1245 3325; x_wconf 90' lang='lat' dir='ltr'>irrita</span> <span class='ocrx_word' id='word_1_460' title='bbox 1257 3269 1451 3339; x_wconf 85' lang='lat' dir='ltr'>pronuntiarit.</span> <span class='ocrx_word' id='word_1_461' title='bbox 1470 3268 1616 3325; x_wconf 87' lang='lat' dir='ltr'>llnselmus</span> <span class='ocrx_word' id='word_1_462' title='bbox 1644 3277 1734 3322; x_wconf 87' lang='lat' dir='ltr'>antem</span> 
     </span>
     <span class='ocr_line' id='line_1_36' title="bbox 101 3359 1734 3438; baseline -0.006 -16"><span class='ocrx_word' id='word_1_463' title='bbox 101 3366 236 3437; x_wconf 78' lang='lat' dir='ltr'>excepto)</span> <span class='ocrx_word' id='word_1_464' title='bbox 249 3375 297 3421; x_wconf 90' lang='lat' dir='ltr'>aut</span> <span class='ocrx_word' id='word_1_465' title='bbox 314 3380 368 3421; x_wconf 90' lang='lat' dir='ltr'>nnn</span> <span class='ocrx_word' id='word_1_466' title='bbox 381 3374 430 3422; x_wconf 89' lang='lat' dir='ltr'>aut</span> <span class='ocrx_word' id='word_1_467' title='bbox 442 3367 496 3422; x_wconf 87' lang='lat' dir='ltr'>alio</span> <span class='ocrx_word' id='word_1_468' title='bbox 510 3367 603 3433; x_wconf 88' lang='lat' dir='ltr'>modo,</span> <span class='ocrx_word' id='word_1_469' title='bbox 617 3367 735 3423; x_wconf 83' lang='lat' dir='ltr'>debitam</span> <span class='ocrx_word' id='word_1_470' title='bbox 749 3368 788 3423; x_wconf 90' lang='lat' dir='ltr'>itti</span> <span class='ocrx_word' id='word_1_471' title='bbox 802 3368 893 3438; x_wconf 79' lang='lat' dir='ltr'>snbje-</span> <span class='ocrx_word' id='word_1_472' title='bbox 944 3359 1101 3430; x_wconf 76' lang='lat' dir='ltr'>Lugdunum</span> <span class='ocrx_word' id='word_1_473' title='bbox 1115 3362 1246 3432; x_wconf 89' lang='lat' dir='ltr'>perrexit,</span> <span class='ocrx_word' id='word_1_474' title='bbox 1264 3362 1325 3417; x_wconf 91' lang='lat' dir='ltr'>inde</span> <span class='ocrx_word' id='word_1_475' title='bbox 1343 3362 1455 3418; x_wconf 88' lang='lat' dir='ltr'>llonram</span> <span class='ocrx_word' id='word_1_476' title='bbox 1467 3376 1482 3415; x_wconf 91' lang='lat' dir='ltr'>a</span> <span class='ocrx_word' id='word_1_477' title='bbox 1493 3375 1561 3432; x_wconf 91' lang='lat' dir='ltr'>papa</span> <span class='ocrx_word' id='word_1_478' title='bbox 1575 3359 1734 3426; x_wconf 87' lang='lat' dir='ltr'>accersitus,</span> 
     </span>
     <span class='ocr_line' id='line_1_37' title="bbox 101 3451 1522 3531; baseline 0.001 -19"><span class='ocrx_word' id='word_1_479' title='bbox 101 3459 224 3514; x_wconf 80' lang='lat' dir='ltr'>ctionem</span> <span class='ocrx_word' id='word_1_480' title='bbox 243 3467 270 3515; x_wconf 92' lang='lat' dir='ltr'>et</span> <span class='ocrx_word' id='word_1_481' title='bbox 282 3459 466 3515; x_wconf 84' lang='lat' dir='ltr'>obedientiam</span> <span class='ocrx_word' id='word_1_482' title='bbox 478 3460 625 3531; x_wconf 78' lang='lat' dir='ltr'>abnegant.</span> <span class='ocrx_word' id='word_1_483' title='bbox 651 3459 708 3515; x_wconf 86' lang='lat' dir='ltr'>liex</span> <span class='ocrx_word' id='word_1_484' title='bbox 733 3462 816 3516; x_wconf 90' lang='lat' dir='ltr'>etiam</span> <span class='ocrx_word' id='word_1_485' title='bbox 836 3462 894 3531; x_wconf 89' lang='lat' dir='ltr'>ipse</span> <span class='ocrx_word' id='word_1_486' title='bbox 944 3452 989 3522; x_wconf 78' lang='grc'><strong>11111</strong></span> <span class='ocrx_word' id='word_1_487' title='bbox 1010 3452 1176 3523; x_wconf 73' lang='lat' dir='ltr'>retbenlssno</span> <span class='ocrx_word' id='word_1_488' title='bbox 1190 3467 1253 3508; x_wconf 74' lang='lat' dir='ltr'>eum</span> <span class='ocrx_word' id='word_1_489' title='bbox 1275 3451 1392 3522; x_wconf 91' lang='lat' dir='ltr'>hospitio</span> <span class='ocrx_word' id='word_1_490' title='bbox 1404 3451 1522 3521; x_wconf 86' lang='lat' dir='ltr'>accepit.</span> 
     </span>
    </p>

    <p class='ocr_par' dir='ltr' id='par_1_3' title="bbox 100 3534 1734 3896">
     <span class='ocr_line' id='line_1_38' title="bbox 100 3534 1734 3613; baseline 0.001 -17"><span class='ocrx_word' id='word_1_491' title='bbox 100 3534 230 3606; x_wconf 63' lang='lat' dir='ltr'>mineum</span> <span class='ocrx_word' id='word_1_492' title='bbox 241 3549 265 3605; x_wconf 62' lang='lat' dir='ltr'>si</span> <span class='ocrx_word' id='word_1_493' title='bbox 276 3549 466 3606; x_wconf 67' lang='lat' dir='ltr'>confluentiam</span> <span class='ocrx_word' id='word_1_494' title='bbox 489 3552 700 3607; x_wconf 51' lang='lat' dir='ltr'>assecutum</span> <span class='ocrx_word' id='word_1_495' title='bbox 715 3551 742 3607; x_wconf 72' lang='lat' dir='ltr'>j„</span> <span class='ocrx_word' id='word_1_496' title='bbox 758 3553 816 3607; x_wconf 65' lang='lat' dir='ltr'>sur,</span> <span class='ocrx_word' id='word_1_497' title='bbox 832 3567 892 3606; x_wconf 86' lang='lat' dir='ltr'>orn·</span> <span class='ocrx_word' id='word_1_498' title='bbox 980 3543 1083 3598; x_wconf 87' lang='lat' dir='ltr'>interea</span> <span class='ocrx_word' id='word_1_499' title='bbox 1097 3541 1212 3598; x_wconf 86' lang='lat' dir='ltr'>lloroam</span> <span class='ocrx_word' id='word_1_500' title='bbox 1225 3543 1301 3598; x_wconf 82' lang='lat' dir='ltr'>venit</span> <span class='ocrx_word' id='word_1_501' title='bbox 1320 3542 1491 3609; x_wconf 80' lang='lat' dir='ltr'>Gnillelmos,</span> <span class='ocrx_word' id='word_1_502' title='bbox 1512 3544 1558 3613; x_wconf 65' lang='lat' dir='ltr'>riui</span> <span class='ocrx_word' id='word_1_503' title='bbox 1577 3541 1734 3598; x_wconf 88' lang='lat' dir='ltr'>llnsehuum</span> 
     </span>
     <span class='ocr_line' id='line_1_39' title="bbox 101 3632 1734 3715; baseline -0.001 -27"><span class='ocrx_word' id='word_1_504' title='bbox 101 3641 185 3698; x_wconf 69' lang='lat' dir='ltr'>ninus</span> <span class='ocrx_word' id='word_1_505' title='bbox 217 3641 332 3708; x_wconf 64' lang='lat' dir='ltr'>ademit,</span> <span class='ocrx_word' id='word_1_506' title='bbox 356 3655 447 3698; x_wconf 65' lang='lat' dir='ltr'>nense</span> <span class='ocrx_word' id='word_1_507' title='bbox 469 3641 544 3697; x_wconf 78' lang='lat' dir='ltr'>inum</span> <span class='ocrx_word' id='word_1_508' title='bbox 561 3658 611 3712; x_wconf 72' lang='lat' dir='ltr'>pm</span> <span class='ocrx_word' id='word_1_509' title='bbox 633 3644 835 3715; x_wconf 66' lang='lat' dir='ltr'>archiepi,00po</span> <span class='ocrx_word' id='word_1_510' title='bbox 851 3644 893 3700; x_wconf 67' lang='lat' dir='ltr'>vet</span> <span class='ocrx_word' id='word_1_511' title='bbox 944 3632 971 3688; x_wconf 92' lang='lat' dir='ltr'>in</span> <span class='ocrx_word' id='word_1_512' title='bbox 982 3632 1072 3689; x_wconf 88' lang='lat' dir='ltr'>littore</span> <span class='ocrx_word' id='word_1_513' title='bbox 1087 3633 1271 3690; x_wconf 89' lang='lat' dir='ltr'>discedentem</span> <span class='ocrx_word' id='word_1_514' title='bbox 1285 3641 1485 3696; x_wconf 88' lang='lat' dir='ltr'>scrutatusest,</span> <span class='ocrx_word' id='word_1_515' title='bbox 1501 3633 1573 3703; x_wconf 73' lang='lat' dir='ltr'>regis</span> <span class='ocrx_word' id='word_1_516' title='bbox 1587 3632 1620 3687; x_wconf 93' lang='lat' dir='ltr'>ad</span> <span class='ocrx_word' id='word_1_517' title='bbox 1636 3647 1734 3702; x_wconf 86' lang='lat' dir='ltr'>papam</span> 
     </span>
     <span class='ocr_line' id='line_1_40' title="bbox 101 3721 1734 3805; baseline -0.006 -18"><span class='ocrx_word' id='word_1_518' title='bbox 101 3741 183 3805; x_wconf 75' lang='lat' dir='ltr'>patre</span> <span class='ocrx_word' id='word_1_519' title='bbox 205 3731 323 3802; x_wconf 87' lang='lat' dir='ltr'>amplius</span> <span class='ocrx_word' id='word_1_520' title='bbox 349 3732 506 3787; x_wconf 90' lang='lat' dir='ltr'>hahitumm</span> <span class='ocrx_word' id='word_1_521' title='bbox 530 3733 614 3801; x_wconf 85' lang='lat' dir='ltr'>iurat,</span> <span class='ocrx_word' id='word_1_522' title='bbox 629 3734 681 3789; x_wconf 90' lang='lat' dir='ltr'>nisi</span> <span class='ocrx_word' id='word_1_523' title='bbox 707 3735 766 3805; x_wconf 84' lang='lat' dir='ltr'>ipse</span> <span class='ocrx_word' id='word_1_524' title='bbox 790 3735 893 3791; x_wconf 64' lang='lat' dir='ltr'>vicario</span> <span class='ocrx_word' id='word_1_525' title='bbox 942 3721 1067 3792; x_wconf 74' lang='lat' dir='ltr'>legatos,</span> <span class='ocrx_word' id='word_1_526' title='bbox 1089 3722 1162 3778; x_wconf 90' lang='lat' dir='ltr'>utde</span> <span class='ocrx_word' id='word_1_527' title='bbox 1188 3723 1310 3778; x_wconf 83' lang='lat' dir='ltr'>hnsetnt</span> <span class='ocrx_word' id='word_1_528' title='bbox 1334 3737 1417 3779; x_wconf 74' lang='lat' dir='ltr'>caum</span> <span class='ocrx_word' id='word_1_529' title='bbox 1431 3724 1555 3778; x_wconf 86' lang='lat' dir='ltr'>inducias</span> <span class='ocrx_word' id='word_1_530' title='bbox 1568 3724 1601 3778; x_wconf 91' lang='lat' dir='ltr'>ad</span> <span class='ocrx_word' id='word_1_531' title='bbox 1616 3737 1734 3793; x_wconf 84' lang='lat' dir='ltr'>sequens</span> 
     </span>
     <span class='ocr_line' id='line_1_41' title="bbox 102 3812 1734 3896; baseline -0.001 -15"><span class='ocrx_word' id='word_1_532' title='bbox 102 3823 178 3882; x_wconf 82' lang='lat' dir='ltr'>beati</span> <span class='ocrx_word' id='word_1_533' title='bbox 202 3824 277 3881; x_wconf 83' lang='lat' dir='ltr'>Petri</span> <span class='ocrx_word' id='word_1_534' title='bbox 290 3823 404 3881; x_wconf 87' lang='lat' dir='ltr'>ulterius</span> <span class='ocrx_word' id='word_1_535' title='bbox 426 3825 600 3881; x_wconf 86' lang='lat' dir='ltr'>obediturum</span> <span class='ocrx_word' id='word_1_536' title='bbox 616 3828 740 3896; x_wconf 80' lang='lat' dir='ltr'>deneget.</span> <span class='ocrx_word' id='word_1_537' title='bbox 756 3827 823 3882; x_wconf 87' lang='lat' dir='ltr'>Tres</span> <span class='ocrx_word' id='word_1_538' title='bbox 835 3827 893 3883; x_wconf 88' lang='lat' dir='ltr'>dies</span> <span class='ocrx_word' id='word_1_539' title='bbox 943 3812 1081 3870; x_wconf 81' lang='lat' dir='ltr'>ttictrnetis</span> <span class='ocrx_word' id='word_1_540' title='bbox 1100 3813 1255 3884; x_wconf 73' lang='grc'><strong>1111118111</strong></span> <span class='ocrx_word' id='word_1_541' title='bbox 1280 3812 1379 3868; x_wconf 83' lang='lat' dir='ltr'>lesum</span> <span class='ocrx_word' id='word_1_542' title='bbox 1394 3813 1564 3883; x_wconf 68' lang='grc'><strong>1111111111111</strong></span> <span class='ocrx_word' id='word_1_543' title='bbox 1583 3812 1642 3879; x_wconf 74' lang='grc'><strong>01111</strong></span> <span class='ocrx_word' id='word_1_544' title='bbox 1673 3827 1734 3867; x_wconf 77' lang='grc'><strong>1111·</strong></span> 
     </span>
    </p>
   </div>
   <div class='ocr_carea' id='block_1_3' title="bbox 102 3903 1733 4080">
    <p class='ocr_par' dir='ltr' id='par_1_4' title="bbox 102 3903 1733 4080">
     <span class='ocr_line' id='line_1_42' title="bbox 102 3903 1733 3986; baseline -0.001 -14"><span class='ocrx_word' id='word_1_545' title='bbox 102 3916 135 3972; x_wconf 92' lang='lat' dir='ltr'>in</span> <span class='ocrx_word' id='word_1_546' title='bbox 150 3917 204 3973; x_wconf 87' lang='lat' dir='ltr'>isto</span> <span class='ocrx_word' id='word_1_547' title='bbox 216 3917 326 3986; x_wconf 71' lang='lat' dir='ltr'>rrepotio</span> <span class='ocrx_word' id='word_1_548' title='bbox 346 3915 512 3972; x_wconf 84' lang='lat' dir='ltr'>clamoribus</span> <span class='ocrx_word' id='word_1_549' title='bbox 531 3916 558 3970; x_wconf 95' lang='lat' dir='ltr'>in</span> <span class='ocrx_word' id='word_1_550' title='bbox 576 3916 746 3981; x_wconf 78' lang='lat' dir='ltr'>hriselmum,</span> <span class='ocrx_word' id='word_1_551' title='bbox 757 3925 784 3970; x_wconf 90' lang='lat' dir='ltr'>et</span> <span class='ocrx_word' id='word_1_552' title='bbox 798 3926 894 3972; x_wconf 90' lang='lat' dir='ltr'>contu·</span> <span class='ocrx_word' id='word_1_553' title='bbox 943 3920 1032 3971; x_wconf 70' lang='lat'><strong>00880·</strong></span> <span class='ocrx_word' id='word_1_554' title='bbox 1046 3903 1188 3960; x_wconf 75' lang='grc'><strong>1111111111111</strong></span> <span class='ocrx_word' id='word_1_555' title='bbox 1205 3905 1232 3959; x_wconf 73' lang='lat' dir='ltr'>ld</span> <span class='ocrx_word' id='word_1_556' title='bbox 1246 3919 1318 3975; x_wconf 78' lang='lat' dir='ltr'>repre</span> <span class='ocrx_word' id='word_1_557' title='bbox 1335 3904 1606 3974; x_wconf 65' lang='grc'><strong>1111111181111111111</strong></span> <span class='ocrx_word' id='word_1_558' title='bbox 1634 3904 1733 3958; x_wconf 79' lang='grc'><strong>1111111</strong></span> 
     </span>
     <span class='ocr_line' id='line_1_43' title="bbox 102 3994 1733 4080; baseline -0.009 -18"><span class='ocrx_word' id='word_1_559' title='bbox 102 4007 195 4064; x_wconf 83' lang='lat' dir='ltr'>meliis</span> <span class='ocrx_word' id='word_1_560' title='bbox 207 4007 310 4080; x_wconf 75' lang='lat' dir='ltr'>gravidi</span> <span class='ocrx_word' id='word_1_561' title='bbox 321 4007 434 4077; x_wconf 87' lang='lat' dir='ltr'>expensi</span> <span class='ocrx_word' id='word_1_562' title='bbox 444 4015 519 4074; x_wconf 90' lang='lat' dir='ltr'>sunt,</span> <span class='ocrx_word' id='word_1_563' title='bbox 532 4007 639 4062; x_wconf 89' lang='lat' dir='ltr'>taudem</span> <span class='ocrx_word' id='word_1_564' title='bbox 653 4006 680 4062; x_wconf 89' lang='lat' dir='ltr'>in</span> <span class='ocrx_word' id='word_1_565' title='bbox 692 4007 745 4062; x_wconf 92' lang='lat' dir='ltr'>boe</span> <span class='ocrx_word' id='word_1_566' title='bbox 755 4005 808 4063; x_wconf 81' lang='lat' dir='ltr'>lane</span> <span class='ocrx_word' id='word_1_567' title='bbox 827 4019 894 4062; x_wconf 92' lang='lat' dir='ltr'>con·</span> <span class='ocrx_word' id='word_1_568' title='bbox 943 3996 1085 4053; x_wconf 87' lang='lat' dir='ltr'>constituit</span> <span class='ocrx_word' id='word_1_569' title='bbox 1098 4038 1105 4063; x_wconf 94' lang='lat'><strong>‚</strong></span> <span class='ocrx_word' id='word_1_570' title='bbox 1120 3998 1167 4052; x_wconf 83' lang='lat' dir='ltr'>ssd</span> <span class='ocrx_word' id='word_1_571' title='bbox 1182 4011 1196 4051; x_wconf 82' lang='lat' dir='ltr'>a</span> <span class='ocrx_word' id='word_1_572' title='bbox 1210 4011 1279 4067; x_wconf 91' lang='lat' dir='ltr'>papa</span> <span class='ocrx_word' id='word_1_573' title='bbox 1292 3997 1325 4051; x_wconf 86' lang='lat' dir='ltr'>ad</span> <span class='ocrx_word' id='word_1_574' title='bbox 1336 3994 1480 4052; x_wconf 88' lang='lat' dir='ltr'>correilium</span> <span class='ocrx_word' id='word_1_575' title='bbox 1499 3995 1571 4064; x_wconf 86' lang='lat' dir='ltr'>qnod</span> <span class='ocrx_word' id='word_1_576' title='bbox 1586 4003 1643 4049; x_wconf 88' lang='lat' dir='ltr'>tum</span> <span class='ocrx_word' id='word_1_577' title='bbox 1666 4009 1733 4048; x_wconf 90' lang='lat' dir='ltr'>con·</span> 
     </span>
    </p>
   </div>
   <div class='ocr_carea' id='block_1_4' title="bbox 98 4086 1734 4158">
    <p class='ocr_par' dir='ltr' id='par_1_5' title="bbox 98 4086 1734 4158">
     <span class='ocr_line' id='line_1_44' title="bbox 98 4086 1734 4158; baseline -0.01 -2"><span class='ocrx_word' id='word_1_578' title='bbox 98 4100 224 4156; x_wconf 83' lang='lat' dir='ltr'>cludunt.</span> <span class='ocrx_word' id='word_1_579' title='bbox 944 4098 1070 4145; x_wconf 87' lang='lat' dir='ltr'>vocatum</span> <span class='ocrx_word' id='word_1_580' title='bbox 1081 4088 1143 4156; x_wconf 87' lang='lat' dir='ltr'>luit,</span> <span class='ocrx_word' id='word_1_581' title='bbox 1158 4097 1280 4145; x_wconf 89' lang='lat' dir='ltr'>retentus</span> <span class='ocrx_word' id='word_1_582' title='bbox 1291 4095 1341 4145; x_wconf 89' lang='lat' dir='ltr'>est.</span> <span class='ocrx_word' id='word_1_583' title='bbox 1354 4087 1430 4143; x_wconf 91' lang='lat' dir='ltr'>lnter</span> <span class='ocrx_word' id='word_1_584' title='bbox 1445 4095 1557 4142; x_wconf 87' lang='lat' dir='ltr'>caeteras</span> <span class='ocrx_word' id='word_1_585' title='bbox 1568 4086 1649 4158; x_wconf 87' lang='lat' dir='ltr'>hujus</span> <span class='ocrx_word' id='word_1_586' title='bbox 1664 4101 1734 4141; x_wconf 91' lang='lat' dir='ltr'>con·</span> 
     </span>
    </p>
   </div>
   <div class='ocr_carea' id='block_1_5' title="bbox 101 4177 1734 4355">
    <p class='ocr_par' dir='ltr' id='par_1_6' title="bbox 101 4177 1734 4355">
     <span class='ocr_line' id='line_1_45' title="bbox 135 4177 1733 4260; baseline -0.008 -11"><span class='ocrx_word' id='word_1_587' title='bbox 135 4192 172 4245; x_wconf 80' lang='lat' dir='ltr'>ht</span> <span class='ocrx_word' id='word_1_588' title='bbox 185 4188 332 4246; x_wconf 66' lang='lat' dir='ltr'>domimus</span> <span class='ocrx_word' id='word_1_589' title='bbox 344 4189 371 4245; x_wconf 91' lang='lat' dir='ltr'>in</span> <span class='ocrx_word' id='word_1_590' title='bbox 382 4204 434 4247; x_wconf 89' lang='lat' dir='ltr'>suo</span> <span class='ocrx_word' id='word_1_591' title='bbox 444 4189 584 4260; x_wconf 88' lang='lat' dir='ltr'>proposito</span> <span class='ocrx_word' id='word_1_592' title='bbox 597 4197 727 4245; x_wconf 88' lang='lat' dir='ltr'>constans</span> <span class='ocrx_word' id='word_1_593' title='bbox 739 4189 861 4260; x_wconf 88' lang='lat' dir='ltr'>postulat</span> <span class='ocrx_word' id='word_1_594' title='bbox 877 4203 892 4243; x_wconf 90' lang='lat' dir='ltr'>a</span> <span class='ocrx_word' id='word_1_595' title='bbox 944 4180 999 4237; x_wconf 92' lang='lat' dir='ltr'>cilii</span> <span class='ocrx_word' id='word_1_596' title='bbox 1023 4182 1191 4246; x_wconf 87' lang='lat' dir='ltr'>sanctiones,</span> <span class='ocrx_word' id='word_1_597' title='bbox 1214 4179 1502 4238; x_wconf 83' lang='lat' dir='ltr'>excommunicationis</span> <span class='ocrx_word' id='word_1_598' title='bbox 1515 4178 1570 4234; x_wconf 91' lang='lat' dir='ltr'>lata</span> <span class='ocrx_word' id='word_1_599' title='bbox 1598 4177 1733 4236; x_wconf 82' lang='lat' dir='ltr'>sententia</span> 
     </span>
     <span class='ocr_line' id='line_1_46' title="bbox 101 4270 1734 4355; baseline -0.01 -15"><span class='ocrx_word' id='word_1_600' title='bbox 101 4297 168 4355; x_wconf 71' lang='lat' dir='ltr'>repe</span> <span class='ocrx_word' id='word_1_601' title='bbox 181 4291 212 4338; x_wconf 87' lang='lat' dir='ltr'>nt</span> <span class='ocrx_word' id='word_1_602' title='bbox 227 4290 301 4341; x_wconf 88' lang='lat' dir='ltr'>tutos</span> <span class='ocrx_word' id='word_1_603' title='bbox 312 4296 397 4354; x_wconf 76' lang='lat' dir='ltr'>regno</span> <span class='ocrx_word' id='word_1_604' title='bbox 407 4284 537 4339; x_wconf 86' lang='lat' dir='ltr'>discedat.</span> <span class='ocrx_word' id='word_1_605' title='bbox 548 4281 791 4352; x_wconf 77' lang='lat' dir='ltr'>Quosihinepato,</span> <span class='ocrx_word' id='word_1_606' title='bbox 814 4283 892 4337; x_wconf 74' lang='lat' dir='ltr'>lberae</span> <span class='ocrx_word' id='word_1_607' title='bbox 907 4282 995 4344; x_wconf 79' lang='lat' dir='ltr'>nest,</span> <span class='ocrx_word' id='word_1_608' title='bbox 1010 4281 1065 4328; x_wconf 92' lang='lat' dir='ltr'>tam</span> <span class='ocrx_word' id='word_1_609' title='bbox 1085 4272 1113 4327; x_wconf 91' lang='lat' dir='ltr'>in</span> <span class='ocrx_word' id='word_1_610' title='bbox 1134 4272 1217 4328; x_wconf 89' lang='lat' dir='ltr'>laicos</span> <span class='ocrx_word' id='word_1_611' title='bbox 1234 4272 1409 4328; x_wconf 81' lang='lat' dir='ltr'>investituras</span> <span class='ocrx_word' id='word_1_612' title='bbox 1436 4270 1613 4327; x_wconf 90' lang='lat' dir='ltr'>ecclesiarum</span> <span class='ocrx_word' id='word_1_613' title='bbox 1638 4271 1734 4324; x_wconf 86' lang='lat' dir='ltr'>dantes</span> 
     </span>
    </p>
   </div>
   <div class='ocr_carea' id='block_1_6' title="bbox 100 4374 895 5636">
    <p class='ocr_par' dir='ltr' id='par_1_7' title="bbox 100 4374 895 5636">
     <span class='ocr_line' id='line_1_47' title="bbox 100 4374 891 4446; baseline -0.003 -15"><span class='ocrx_word' id='word_1_614' title='bbox 100 4383 167 4431; x_wconf 84' lang='lat' dir='ltr'>snat</span> <span class='ocrx_word' id='word_1_615' title='bbox 180 4376 310 4446; x_wconf 83' lang='lat' dir='ltr'>utrinque</span> <span class='ocrx_word' id='word_1_616' title='bbox 330 4375 476 4432; x_wconf 78' lang='lat' dir='ltr'>iodiciaead</span> <span class='ocrx_word' id='word_1_617' title='bbox 490 4375 689 4440; x_wconf 84' lang='lat' dir='ltr'>Pentecosten,</span> <span class='ocrx_word' id='word_1_618' title='bbox 700 4384 727 4431; x_wconf 91' lang='lat' dir='ltr'>et</span> <span class='ocrx_word' id='word_1_619' title='bbox 747 4374 826 4446; x_wconf 85' lang='lat' dir='ltr'>pleno</span> <span class='ocrx_word' id='word_1_620' title='bbox 838 4388 891 4444; x_wconf 83' lang='lat' dir='ltr'>pax</span> 
     </span>
     <span class='ocr_line' id='line_1_48' title="bbox 101 4466 886 4539; baseline 0 -17"><span class='ocrx_word' id='word_1_621' title='bbox 101 4466 320 4537; x_wconf 81' lang='lat' dir='ltr'>ettranquillitae</span> <span class='ocrx_word' id='word_1_622' title='bbox 331 4468 473 4539; x_wconf 81' lang='lat' dir='ltr'>promissa.</span> <span class='ocrx_word' id='word_1_623' title='bbox 486 4466 826 4531; x_wconf 79' lang='lat' dir='ltr'>Nihilominushnselmns,</span> <span class='ocrx_word' id='word_1_624' title='bbox 837 4467 886 4522; x_wconf 91' lang='lat' dir='ltr'>ho·</span> 
     </span>
     <span class='ocr_line' id='line_1_49' title="bbox 102 4558 891 4630; baseline 0 -18"><span class='ocrx_word' id='word_1_625' title='bbox 102 4558 223 4614; x_wconf 87' lang='lat' dir='ltr'>minibus</span> <span class='ocrx_word' id='word_1_626' title='bbox 236 4559 293 4614; x_wconf 91' lang='lat' dir='ltr'>suis</span> <span class='ocrx_word' id='word_1_627' title='bbox 303 4559 400 4629; x_wconf 87' lang='lat' dir='ltr'>captis,</span> <span class='ocrx_word' id='word_1_628' title='bbox 408 4567 437 4615; x_wconf 92' lang='lat' dir='ltr'>et</span> <span class='ocrx_word' id='word_1_629' title='bbox 445 4559 569 4630; x_wconf 88' lang='lat' dir='ltr'>spoliatis</span> <span class='ocrx_word' id='word_1_630' title='bbox 586 4559 719 4629; x_wconf 88' lang='lat' dir='ltr'>terrisque</span> <span class='ocrx_word' id='word_1_631' title='bbox 729 4558 891 4622; x_wconf 82' lang='lat' dir='ltr'>vastatis,iu</span> 
     </span>
     <span class='ocr_line' id='line_1_50' title="bbox 103 4644 893 4703; baseline -0.003 -2"><span class='ocrx_word' id='word_1_632' title='bbox 103 4646 267 4702; x_wconf 86' lang='lat' dir='ltr'>immensum</span> <span class='ocrx_word' id='word_1_633' title='bbox 281 4645 462 4703; x_wconf 85' lang='lat' dir='ltr'>afflictnsest.</span> <span class='ocrx_word' id='word_1_634' title='bbox 475 4646 541 4703; x_wconf 87' lang='lat' dir='ltr'>Post</span> <span class='ocrx_word' id='word_1_635' title='bbox 560 4647 618 4702; x_wconf 81' lang='lat' dir='ltr'>haec</span> <span class='ocrx_word' id='word_1_636' title='bbox 642 4655 733 4701; x_wconf 91' lang='lat' dir='ltr'>tamen</span> <span class='ocrx_word' id='word_1_637' title='bbox 753 4644 893 4701; x_wconf 89' lang='lat' dir='ltr'>Urltanum</span> 
     </span>
     <span class='ocr_line' id='line_1_51' title="bbox 103 4736 892 4810; baseline -0.001 -18"><span class='ocrx_word' id='word_1_638' title='bbox 103 4753 152 4808; x_wconf 85' lang='lat' dir='ltr'>per</span> <span class='ocrx_word' id='word_1_639' title='bbox 164 4736 316 4794; x_wconf 80' lang='lat' dir='ltr'>walterum</span> <span class='ocrx_word' id='word_1_640' title='bbox 329 4738 510 4795; x_wconf 73' lang='lat' dir='ltr'>libanensem</span> <span class='ocrx_word' id='word_1_641' title='bbox 525 4740 682 4810; x_wconf 89' lang='lat' dir='ltr'>episcopum</span> <span class='ocrx_word' id='word_1_642' title='bbox 697 4738 754 4809; x_wconf 87' lang='lat' dir='ltr'>(qui</span> <span class='ocrx_word' id='word_1_643' title='bbox 781 4738 892 4807; x_wconf 91' lang='lat' dir='ltr'>pallium</span> 
     </span>
     <span class='ocr_line' id='line_1_52' title="bbox 102 4828 895 4900; baseline -0.001 -16"><span class='ocrx_word' id='word_1_644' title='bbox 102 4828 232 4884; x_wconf 73' lang='lat' dir='ltr'>beselmo</span> <span class='ocrx_word' id='word_1_645' title='bbox 245 4844 261 4882; x_wconf 95' lang='lat' dir='ltr'>a</span> <span class='ocrx_word' id='word_1_646' title='bbox 281 4828 366 4883; x_wconf 76' lang='lat' dir='ltr'>Boura</span> <span class='ocrx_word' id='word_1_647' title='bbox 380 4829 555 4885; x_wconf 76' lang='lat' dir='ltr'>cantuariam</span> <span class='ocrx_word' id='word_1_648' title='bbox 569 4830 677 4900; x_wconf 82' lang='lat' dir='ltr'>detulit)</span> <span class='ocrx_word' id='word_1_649' title='bbox 690 4843 738 4899; x_wconf 91' lang='lat' dir='ltr'>pro</span> <span class='ocrx_word' id='word_1_650' title='bbox 752 4844 821 4899; x_wconf 89' lang='lat' dir='ltr'>papa</span> <span class='ocrx_word' id='word_1_651' title='bbox 834 4843 895 4883; x_wconf 90' lang='lat' dir='ltr'>sos·</span> 
     </span>
     <span class='ocr_line' id='line_1_53' title="bbox 103 4922 893 4993; baseline -0.004 -17"><span class='ocrx_word' id='word_1_652' title='bbox 103 4922 184 4993; x_wconf 86' lang='lat' dir='ltr'>cepit.</span> <span class='ocrx_word' id='word_1_653' title='bbox 198 4922 227 4977; x_wconf 94' lang='lat' dir='ltr'>ln</span> <span class='ocrx_word' id='word_1_654' title='bbox 242 4923 294 4977; x_wconf 84' lang='lat' dir='ltr'>hac</span> <span class='ocrx_word' id='word_1_655' title='bbox 305 4932 397 4977; x_wconf 84' lang='lat' dir='ltr'>autern</span> <span class='ocrx_word' id='word_1_656' title='bbox 410 4925 550 4978; x_wconf 87' lang='lat' dir='ltr'>tractanda</span> <span class='ocrx_word' id='word_1_657' title='bbox 561 4922 749 4978; x_wconf 88' lang='lat' dir='ltr'>controversia</span> <span class='ocrx_word' id='word_1_658' title='bbox 765 4937 813 4975; x_wconf 87' lang='lat' dir='ltr'>rex</span> <span class='ocrx_word' id='word_1_659' title='bbox 831 4935 893 4975; x_wconf 89' lang='lat' dir='ltr'>curn</span> 
     </span>
     <span class='ocr_line' id='line_1_54' title="bbox 104 5012 890 5084; baseline -0.004 -16"><span class='ocrx_word' id='word_1_660' title='bbox 104 5012 215 5069; x_wconf 82' lang='lat' dir='ltr'>Urbano</span> <span class='ocrx_word' id='word_1_661' title='bbox 242 5027 311 5083; x_wconf 89' lang='lat' dir='ltr'>papa</span> <span class='ocrx_word' id='word_1_662' title='bbox 331 5014 457 5083; x_wconf 80' lang='lat' dir='ltr'>privatim</span> <span class='ocrx_word' id='word_1_663' title='bbox 481 5014 581 5084; x_wconf 75' lang='lat' dir='ltr'>egilde</span> <span class='ocrx_word' id='word_1_664' title='bbox 600 5012 729 5070; x_wconf 75' lang='lat' dir='ltr'>huselnro</span> <span class='ocrx_word' id='word_1_665' title='bbox 744 5013 778 5068; x_wconf 89' lang='lat' dir='ltr'>ab</span> <span class='ocrx_word' id='word_1_666' title='bbox 793 5012 890 5082; x_wconf 78' lang='lat' dir='ltr'>Anglia</span> 
     </span>
     <span class='ocr_line' id='line_1_55' title="bbox 104 5103 893 5173; baseline 0 -16"><span class='ocrx_word' id='word_1_667' title='bbox 104 5104 212 5173; x_wconf 82' lang='lat' dir='ltr'>pesitus</span> <span class='ocrx_word' id='word_1_668' title='bbox 224 5103 395 5160; x_wconf 81' lang='lat' dir='ltr'>abducendo.</span> <span class='ocrx_word' id='word_1_669' title='bbox 411 5104 464 5160; x_wconf 87' lang='lat' dir='ltr'>Sed</span> <span class='ocrx_word' id='word_1_670' title='bbox 489 5103 598 5173; x_wconf 81' lang='lat' dir='ltr'>cumoh</span> <span class='ocrx_word' id='word_1_671' title='bbox 620 5105 748 5159; x_wconf 86' lang='lat' dir='ltr'>eximiam</span> <span class='ocrx_word' id='word_1_672' title='bbox 773 5104 825 5158; x_wconf 85' lang='lat' dir='ltr'>riri</span> <span class='ocrx_word' id='word_1_673' title='bbox 845 5104 893 5158; x_wconf 90' lang='lat' dir='ltr'>do-</span> 
     </span>
     <span class='ocr_line' id='line_1_56' title="bbox 105 5194 894 5267; baseline 0.001 -18"><span class='ocrx_word' id='word_1_674' title='bbox 105 5194 222 5250; x_wconf 89' lang='lat' dir='ltr'>ctrinam</span> <span class='ocrx_word' id='word_1_675' title='bbox 238 5210 400 5267; x_wconf 86' lang='lat' dir='ltr'>morumque</span> <span class='ocrx_word' id='word_1_676' title='bbox 410 5197 574 5267; x_wconf 87' lang='lat' dir='ltr'>probitatem</span> <span class='ocrx_word' id='word_1_677' title='bbox 587 5196 613 5253; x_wconf 91' lang='lat' dir='ltr'>id</span> <span class='ocrx_word' id='word_1_678' title='bbox 635 5196 743 5252; x_wconf 86' lang='lat' dir='ltr'>efficere</span> <span class='ocrx_word' id='word_1_679' title='bbox 757 5211 810 5251; x_wconf 90' lang='lat' dir='ltr'>nou</span> <span class='ocrx_word' id='word_1_680' title='bbox 831 5211 894 5265; x_wconf 89' lang='lat' dir='ltr'>pos·</span> 
     </span>
     <span class='ocr_line' id='line_1_57' title="bbox 105 5287 893 5360; baseline 0 -18"><span class='ocrx_word' id='word_1_681' title='bbox 105 5295 158 5353; x_wconf 89' lang='lat' dir='ltr'>set,</span> <span class='ocrx_word' id='word_1_682' title='bbox 169 5287 319 5344; x_wconf 80' lang='lat' dir='ltr'>tusetnm</span> <span class='ocrx_word' id='word_1_683' title='bbox 330 5289 386 5359; x_wconf 81' lang='lat' dir='ltr'>jam</span> <span class='ocrx_word' id='word_1_684' title='bbox 399 5298 510 5360; x_wconf 90' lang='lat' dir='ltr'>accepto</span> <span class='ocrx_word' id='word_1_685' title='bbox 520 5287 611 5359; x_wconf 91' lang='lat' dir='ltr'>pallio,</span> <span class='ocrx_word' id='word_1_686' title='bbox 630 5287 893 5358; x_wconf 81' lang='lat' dir='ltr'>archiepiscopalem</span> 
     </span>
     <span class='ocr_line' id='line_1_58' title="bbox 107 5380 893 5453; baseline 0.001 -20"><span class='ocrx_word' id='word_1_687' title='bbox 107 5393 201 5434; x_wconf 87' lang='lat' dir='ltr'>curam</span> <span class='ocrx_word' id='word_1_688' title='bbox 214 5387 244 5434; x_wconf 88' lang='lat' dir='ltr'>et</span> <span class='ocrx_word' id='word_1_689' title='bbox 255 5380 446 5436; x_wconf 84' lang='lat' dir='ltr'>auctoritatem</span> <span class='ocrx_word' id='word_1_690' title='bbox 465 5395 529 5453; x_wconf 71' lang='lat' dir='ltr'>repe</span> <span class='ocrx_word' id='word_1_691' title='bbox 538 5380 700 5437; x_wconf 76' lang='lat' dir='ltr'>connivente</span> <span class='ocrx_word' id='word_1_692' title='bbox 711 5380 851 5445; x_wconf 84' lang='lat' dir='ltr'>exercuit,</span> <span class='ocrx_word' id='word_1_693' title='bbox 865 5388 893 5434; x_wconf 93' lang='lat' dir='ltr'>et</span> 
     </span>
     <span class='ocr_line' id='line_1_59' title="bbox 106 5465 891 5540; baseline 0 -18"><span class='ocrx_word' id='word_1_694' title='bbox 106 5465 259 5526; x_wconf 65' lang='lat' dir='ltr'>senneser</span> <span class='ocrx_word' id='word_1_695' title='bbox 273 5469 418 5540; x_wconf 82' lang='lat' dir='ltr'>quemdam</span> <span class='ocrx_word' id='word_1_696' title='bbox 435 5470 626 5527; x_wconf 84' lang='lat' dir='ltr'>Duhtinensem</span> <span class='ocrx_word' id='word_1_697' title='bbox 646 5469 891 5540; x_wconf 86' lang='lat' dir='ltr'>archiepiscopum,</span> 
     </span>
     <span class='ocr_line' id='line_1_60' title="bbox 106 5557 889 5636; baseline -0.001 -19"><span class='ocrx_word' id='word_1_698' title='bbox 106 5557 279 5636; x_wconf 65' lang='lat' dir='ltr'>{atcumque</span> <span class='ocrx_word' id='word_1_699' title='bbox 306 5559 552 5621; x_wconf 76' lang='lat' dir='ltr'>lateriordiensem</span> <span class='ocrx_word' id='word_1_700' title='bbox 584 5561 701 5634; x_wconf 90' lang='lat' dir='ltr'>primum</span> <span class='ocrx_word' id='word_1_701' title='bbox 722 5562 889 5634; x_wconf 89' lang='lat' dir='ltr'>episcopum,</span> 
     </span>
    </p>
   </div>
   <div class='ocr_carea' id='block_1_7' title="bbox 943 4363 1735 5074">
    <p class='ocr_par' dir='ltr' id='par_1_8' title="bbox 943 4363 1735 5074">
     <span class='ocr_line' id='line_1_61' title="bbox 944 4363 1735 4434; baseline -0.001 -16"><span class='ocrx_word' id='word_1_702' title='bbox 944 4380 1024 4434; x_wconf 83' lang='lat' dir='ltr'>quarn</span> <span class='ocrx_word' id='word_1_703' title='bbox 1051 4364 1204 4422; x_wconf 89' lang='lat' dir='ltr'>inclericos</span> <span class='ocrx_word' id='word_1_704' title='bbox 1229 4365 1339 4421; x_wconf 90' lang='lat' dir='ltr'>easdem</span> <span class='ocrx_word' id='word_1_705' title='bbox 1363 4380 1377 4418; x_wconf 93' lang='lat' dir='ltr'>a</span> <span class='ocrx_word' id='word_1_706' title='bbox 1401 4363 1479 4420; x_wconf 88' lang='lat' dir='ltr'>laicis</span> <span class='ocrx_word' id='word_1_707' title='bbox 1501 4363 1675 4432; x_wconf 87' lang='lat' dir='ltr'>accipientes.</span> <span class='ocrx_word' id='word_1_708' title='bbox 1701 4363 1735 4418; x_wconf 82' lang='lat' dir='ltr'>Et</span> 
     </span>
     <span class='ocr_line' id='line_1_62' title="bbox 943 4455 1729 4530; baseline -0.009 -16"><span class='ocrx_word' id='word_1_709' title='bbox 943 4458 1122 4530; x_wconf 88' lang='lat' dir='ltr'>pendentibus</span> <span class='ocrx_word' id='word_1_710' title='bbox 1148 4459 1182 4514; x_wconf 90' lang='lat' dir='ltr'>de</span> <span class='ocrx_word' id='word_1_711' title='bbox 1194 4457 1314 4514; x_wconf 85' lang='lat' dir='ltr'>huselmi</span> <span class='ocrx_word' id='word_1_712' title='bbox 1338 4472 1420 4512; x_wconf 87' lang='lat' dir='ltr'>causa</span> <span class='ocrx_word' id='word_1_713' title='bbox 1431 4456 1558 4518; x_wconf 89' lang='lat' dir='ltr'>induciis,</span> <span class='ocrx_word' id='word_1_714' title='bbox 1571 4455 1638 4510; x_wconf 88' lang='lat' dir='ltr'>obiit</span> <span class='ocrx_word' id='word_1_715' title='bbox 1649 4470 1729 4524; x_wconf 89' lang='lat' dir='ltr'>papa,</span> 
     </span>
     <span class='ocr_line' id='line_1_63' title="bbox 944 4542 1733 4620; baseline -0.011 -14"><span class='ocrx_word' id='word_1_716' title='bbox 944 4556 973 4606; x_wconf 88' lang='lat' dir='ltr'>et</span> <span class='ocrx_word' id='word_1_717' title='bbox 982 4548 1062 4620; x_wconf 92' lang='lat' dir='ltr'>paulo</span> <span class='ocrx_word' id='word_1_718' title='bbox 1073 4557 1135 4619; x_wconf 86' lang='lat' dir='ltr'>post</span> <span class='ocrx_word' id='word_1_719' title='bbox 1149 4547 1235 4605; x_wconf 85' lang='lat' dir='ltr'>llolns</span> <span class='ocrx_word' id='word_1_720' title='bbox 1248 4563 1308 4613; x_wconf 86' lang='lat' dir='ltr'>rex,</span> <span class='ocrx_word' id='word_1_721' title='bbox 1322 4547 1368 4618; x_wconf 84' lang='lat' dir='ltr'>qui</span> <span class='ocrx_word' id='word_1_722' title='bbox 1382 4560 1411 4602; x_wconf 90' lang='lat' dir='ltr'>se</span> <span class='ocrx_word' id='word_1_723' title='bbox 1421 4544 1539 4612; x_wconf 87' lang='lat' dir='ltr'>vivente,</span> <span class='ocrx_word' id='word_1_724' title='bbox 1551 4559 1601 4600; x_wconf 88' lang='lat' dir='ltr'>uec</span> <span class='ocrx_word' id='word_1_725' title='bbox 1616 4542 1733 4616; x_wconf 82' lang='lat' dir='ltr'>synodos</span> 
     </span>
     <span class='ocr_line' id='line_1_64' title="bbox 944 4636 1735 4710; baseline -0.015 -13"><span class='ocrx_word' id='word_1_726' title='bbox 944 4641 1145 4698; x_wconf 89' lang='lat' dir='ltr'>ecclesiasticas</span> <span class='ocrx_word' id='word_1_727' title='bbox 1159 4642 1193 4697; x_wconf 93' lang='lat' dir='ltr'>ad</span> <span class='ocrx_word' id='word_1_728' title='bbox 1204 4640 1269 4697; x_wconf 84' lang='lat' dir='ltr'>vitia</span> <span class='ocrx_word' id='word_1_729' title='bbox 1284 4640 1442 4710; x_wconf 71' lang='lat' dir='ltr'>corrigenda</span> <span class='ocrx_word' id='word_1_730' title='bbox 1455 4637 1598 4705; x_wconf 88' lang='lat' dir='ltr'>celebrari,</span> <span class='ocrx_word' id='word_1_731' title='bbox 1610 4651 1660 4692; x_wconf 87' lang='lat' dir='ltr'>nec</span> <span class='ocrx_word' id='word_1_732' title='bbox 1671 4636 1735 4706; x_wconf 66' lang='lat' dir='ltr'>pln-</span> 
     </span>
     <span class='ocr_line' id='line_1_65' title="bbox 945 4728 1733 4802; baseline -0.013 -9"><span class='ocrx_word' id='word_1_733' title='bbox 945 4738 1030 4793; x_wconf 88' lang='lat' dir='ltr'>rimas</span> <span class='ocrx_word' id='word_1_734' title='bbox 1055 4734 1215 4791; x_wconf 89' lang='lat' dir='ltr'>ecclesiasa</span> <span class='ocrx_word' id='word_1_735' title='bbox 1247 4731 1355 4789; x_wconf 86' lang='lat' dir='ltr'>clericis</span> <span class='ocrx_word' id='word_1_736' title='bbox 1380 4730 1511 4802; x_wconf 90' lang='lat' dir='ltr'>possideri</span> <span class='ocrx_word' id='word_1_737' title='bbox 1534 4728 1733 4800; x_wconf 81' lang='lat' dir='ltr'>permisit.sed</span> 
     </span>
     <span class='ocr_line' id='line_1_66' title="bbox 944 4819 1732 4896; baseline -0.018 -12"><span class='ocrx_word' id='word_1_738' title='bbox 944 4844 1038 4885; x_wconf 87' lang='lat' dir='ltr'>earum</span> <span class='ocrx_word' id='word_1_739' title='bbox 1053 4827 1157 4883; x_wconf 90' lang='lat' dir='ltr'>lruetus</span> <span class='ocrx_word' id='word_1_740' title='bbox 1168 4824 1297 4896; x_wconf 88' lang='lat' dir='ltr'>percepit,</span> <span class='ocrx_word' id='word_1_741' title='bbox 1308 4823 1401 4892; x_wconf 82' lang='lat' dir='ltr'>iocose</span> <span class='ocrx_word' id='word_1_742' title='bbox 1412 4836 1519 4892; x_wconf 85' lang='lat' dir='ltr'>semper</span> <span class='ocrx_word' id='word_1_743' title='bbox 1535 4821 1586 4876; x_wconf 91' lang='lat' dir='ltr'>hnc</span> <span class='ocrx_word' id='word_1_744' title='bbox 1608 4834 1686 4875; x_wconf 90' lang='lat' dir='ltr'>versu</span> <span class='ocrx_word' id='word_1_745' title='bbox 1698 4819 1732 4872; x_wconf 77' lang='lat' dir='ltr'>il-</span> 
     </span>
     <span class='ocr_line' id='line_1_67' title="bbox 945 4911 1734 4982; baseline -0.016 -10"><span class='ocrx_word' id='word_1_746' title='bbox 945 4919 1040 4974; x_wconf 87' lang='lat' dir='ltr'>ludeus</span> <span class='ocrx_word' id='word_1_747' title='bbox 1062 4918 1108 4972; x_wconf 91' lang='lat' dir='ltr'>toti</span> <span class='ocrx_word' id='word_1_748' title='bbox 1134 4916 1208 4972; x_wconf 89' lang='lat' dir='ltr'>clero</span> <span class='ocrx_word' id='word_1_749' title='bbox 1230 4932 1237 4968; x_wconf 76' lang='grc' dir='ltr'><strong>ε</strong></span> <span class='ocrx_word' id='word_1_750' title='bbox 1259 4914 1342 4969; x_wconf 84' lang='lat' dir='ltr'>Panis</span> <span class='ocrx_word' id='word_1_751' title='bbox 1353 4911 1462 4979; x_wconf 85' lang='lat' dir='ltr'>Christi,</span> <span class='ocrx_word' id='word_1_752' title='bbox 1473 4912 1548 4982; x_wconf 83' lang='lat' dir='ltr'>portis</span> <span class='ocrx_word' id='word_1_753' title='bbox 1558 4912 1662 4981; x_wconf 76' lang='lat' dir='ltr'>pisionis</span> <span class='ocrx_word' id='word_1_754' title='bbox 1682 4918 1734 4969; x_wconf 76' lang='lat' dir='ltr'>est,</span> 
     </span>
     <span class='ocr_line' id='line_1_68' title="bbox 945 5001 1731 5074; baseline -0.015 -9"><span class='ocrx_word' id='word_1_755' title='bbox 945 5009 1017 5065; x_wconf 81' lang='lat' dir='ltr'>linio</span> <span class='ocrx_word' id='word_1_756' title='bbox 1027 5020 1116 5064; x_wconf 78' lang='lat' dir='ltr'>atatem</span> <span class='ocrx_word' id='word_1_757' title='bbox 1128 5017 1245 5074; x_wconf 92' lang='lat' dir='ltr'>mortuo,</span> <span class='ocrx_word' id='word_1_758' title='bbox 1257 5008 1386 5063; x_wconf 88' lang='lat' dir='ltr'>suecessit</span> <span class='ocrx_word' id='word_1_759' title='bbox 1399 5008 1482 5060; x_wconf 85' lang='lat' dir='ltr'>irater</span> <span class='ocrx_word' id='word_1_760' title='bbox 1496 5001 1564 5070; x_wconf 82' lang='lat' dir='ltr'>eins,</span> <span class='ocrx_word' id='word_1_761' title='bbox 1583 5001 1731 5063; x_wconf 82' lang='lat' dir='ltr'>llcnricus,</span> 
     </span>
    </p>
   </div>
   <div class='ocr_carea' id='block_1_8' title="bbox 944 5088 1732 5259">
    <p class='ocr_par' dir='ltr' id='par_1_9' title="bbox 944 5088 1732 5259">
     <span class='ocr_line' id='line_1_69' title="bbox 944 5088 1732 5169; baseline -0.014 -12"><span class='ocrx_word' id='word_1_762' title='bbox 944 5101 1101 5157; x_wconf 87' lang='lat' dir='ltr'>allanricin</span> <span class='ocrx_word' id='word_1_763' title='bbox 1128 5099 1307 5155; x_wconf 78' lang='lat' dir='ltr'>londinensis</span> <span class='ocrx_word' id='word_1_764' title='bbox 1325 5098 1453 5169; x_wconf 88' lang='lat' dir='ltr'>episcopo</span> <span class='ocrx_word' id='word_1_765' title='bbox 1480 5102 1664 5151; x_wconf 80' lang='lat' dir='ltr'>consecratus,</span> <span class='ocrx_word' id='word_1_766' title='bbox 1684 5088 1732 5157; x_wconf 83' lang='lat' dir='ltr'>qul</span> 
     </span>
     <span class='ocr_line' id='line_1_70' title="bbox 946 5180 1732 5259; baseline -0.018 -11"><span class='ocrx_word' id='word_1_767' title='bbox 946 5192 1132 5248; x_wconf 89' lang='lat' dir='ltr'>calamitosum</span> <span class='ocrx_word' id='word_1_768' title='bbox 1143 5198 1171 5245; x_wconf 91' lang='lat' dir='ltr'>et</span> <span class='ocrx_word' id='word_1_769' title='bbox 1186 5189 1352 5259; x_wconf 88' lang='lat' dir='ltr'>discerptum</span> <span class='ocrx_word' id='word_1_770' title='bbox 1369 5202 1383 5239; x_wconf 87' lang='lat' dir='ltr'>a</span> <span class='ocrx_word' id='word_1_771' title='bbox 1398 5186 1481 5240; x_wconf 89' lang='lat' dir='ltr'>tratre</span> <span class='ocrx_word' id='word_1_772' title='bbox 1495 5180 1615 5238; x_wconf 71' lang='lat' dir='ltr'>ecclesiae</span> <span class='ocrx_word' id='word_1_773' title='bbox 1629 5185 1732 5234; x_wconf 83' lang='lat' dir='ltr'>statum</span> 
     </span>
    </p>
   </div>
   <div class='ocr_carea' id='block_1_9' title="bbox 944 5269 1734 5349">
    <p class='ocr_par' dir='ltr' id='par_1_10' title="bbox 944 5269 1734 5349">
     <span class='ocr_line' id='line_1_71' title="bbox 944 5269 1734 5349; baseline -0.015 -11"><span class='ocrx_word' id='word_1_774' title='bbox 944 5283 1106 5349; x_wconf 76' lang='lat' dir='ltr'>resarcivit,</span> <span class='ocrx_word' id='word_1_775' title='bbox 1129 5281 1286 5336; x_wconf 84' lang='lat' dir='ltr'>llnsehnonr</span> <span class='ocrx_word' id='word_1_776' title='bbox 1314 5280 1350 5334; x_wconf 91' lang='lat' dir='ltr'>ab</span> <span class='ocrx_word' id='word_1_777' title='bbox 1372 5278 1468 5334; x_wconf 78' lang='lat' dir='ltr'>exsilio</span> <span class='ocrx_word' id='word_1_778' title='bbox 1488 5269 1734 5338; x_wconf 79' lang='lat' dir='ltr'>revocarit,eir1uo</span> 
     </span>
    </p>
   </div>
   <div class='ocr_carea' id='block_1_10' title="bbox 943 5361 1734 5528">
    <p class='ocr_par' dir='ltr' id='par_1_11' title="bbox 943 5361 1734 5528">
     <span class='ocr_line' id='line_1_72' title="bbox 943 5361 1731 5447; baseline -0.019 -15"><span class='ocrx_word' id='word_1_779' title='bbox 943 5375 1162 5447; x_wconf 88' lang='lat' dir='ltr'>procurationem</span> <span class='ocrx_word' id='word_1_780' title='bbox 1186 5372 1399 5429; x_wconf 83' lang='lat' dir='ltr'>ecclesiasticam</span> <span class='ocrx_word' id='word_1_781' title='bbox 1424 5363 1581 5423; x_wconf 65' lang='lat' dir='ltr'>commisit?</span> <span class='ocrx_word' id='word_1_782' title='bbox 1593 5361 1731 5429; x_wconf 80' lang='lat' dir='ltr'>Quantum</span> 
     </span>
     <span class='ocr_line' id='line_1_73' title="bbox 944 5450 1734 5528; baseline -0.02 -7"><span class='ocrx_word' id='word_1_783' title='bbox 944 5475 1035 5521; x_wconf 90' lang='lat' dir='ltr'>autem</span> <span class='ocrx_word' id='word_1_784' title='bbox 1059 5461 1306 5528; x_wconf 76' lang='lat' dir='ltr'>Anselmolaverit,</span> <span class='ocrx_word' id='word_1_785' title='bbox 1328 5476 1360 5517; x_wconf 85' lang='lat' dir='ltr'>cx</span> <span class='ocrx_word' id='word_1_786' title='bbox 1380 5473 1430 5514; x_wconf 90' lang='lat' dir='ltr'>suo</span> <span class='ocrx_word' id='word_1_787' title='bbox 1445 5455 1478 5511; x_wconf 92' lang='lat' dir='ltr'>ad</span> <span class='ocrx_word' id='word_1_788' title='bbox 1498 5451 1684 5509; x_wconf 89' lang='lat' dir='ltr'>Londincnscs</span> <span class='ocrx_word' id='word_1_789' title='bbox 1696 5450 1734 5505; x_wconf 88' lang='lat' dir='ltr'>de</span> 
     </span>
    </p>
   </div>
   <div class='ocr_carea' id='block_1_11' title="bbox 944 5537 1732 5617">
    <p class='ocr_par' dir='ltr' id='par_1_12' title="bbox 944 5537 1732 5617">
     <span class='ocr_line' id='line_1_74' title="bbox 944 5537 1732 5617; baseline -0.022 0"><span class='ocrx_word' id='word_1_790' title='bbox 944 5557 1064 5617; x_wconf 77' lang='lat' dir='ltr'>Ausehui</span> <span class='ocrx_word' id='word_1_791' title='bbox 1076 5571 1217 5616; x_wconf 89' lang='lat' dir='ltr'>servornm</span> <span class='ocrx_word' id='word_1_792' title='bbox 1227 5537 1254 5612; x_wconf 54' lang='lat' dir='ltr'>e&#39;t</span> <span class='ocrx_word' id='word_1_793' title='bbox 1260 5554 1421 5611; x_wconf 79' lang='lat' dir='ltr'>famulorum</span> <span class='ocrx_word' id='word_1_794' title='bbox 1437 5546 1620 5616; x_wconf 85' lang='lat' dir='ltr'>iutntuuitate,</span> <span class='ocrx_word' id='word_1_795' title='bbox 1629 5556 1732 5615; x_wconf 79' lang='lat' dir='ltr'>cosque</span> 
     </span>
    </p>
   </div>
   <div class='ocr_carea' id='block_1_12' title="bbox 0 0 1851 6008">
    <p class='ocr_par' dir='ltr' id='par_1_13' title="bbox 0 0 1851 6008">
     <span class='ocr_line' id='line_1_75' title="bbox 0 0 1851 6008; baseline 0 0"><span class='ocrx_word' id='word_1_796' title='bbox 0 0 1851 6008; x_wconf 95' lang='lat' dir='ltr'> </span> 
     </span>
    </p>
   </div>
  </div>
 </body>
</html>
