3690 6008
101 197 134 253 tt
503 212 508 219 ·
603 196 862 256 virtutitibus
881 196 1103 253 obnubuit·
1118 196 1180 253 tto.
1201 197 1232 252 ΙΙ.
1700 202 1735 259 82

98 313 266 390 gitetuffiet
279 325 339 367 eant
367 325 382 365 ιι
398 310 513 382 pristino
539 311 669 368 uiduitate
685 321 712 368 et
731 312 895 374 catamitate,
912 318 933 376 Α
950 309 1087 365 ιιιτίυτιιιιι
1099 310 1123 366 ei
1136 325 1185 381 pro
1196 309 1307 381 agendis
1322 310 1381 380 [ut.,
1397 312 1567 385 peragendis]
1577 315 1736 372 ruuuiiiceu·

105 418 155 472 per
168 401 366 458 institutionem
380 401 516 471 pontibeis
542 399 652 457 relevet.
677 402 832 472 bequiescit
854 401 899 459 itte
950 398 993 453 titt·
1011 414 1066 454 suae
1079 399 1175 471 gratiis
1190 398 1256 456 dete
1270 398 1368 466 uoluit,
1382 409 1411 456 ct
1426 401 1462 457 ita
1482 402 1605 474 principe
1627 407 1736 464 turbato

104 491 230 557 cortsiiio,
241 499 270 547 et
284 491 442 547 Ausetanum
456 488 485 547 iu'
494 491 547 547 boo
559 505 628 561 opus
640 490 699 549 iore
709 491 898 562 dignissimum
948 501 963 542 a
978 487 1051 542 cirria
1064 487 1197 544 discessit.

104 583 274 652 pronuntiat.
285 581 459 637 beeiaruatur
475 580 510 637 ab
522 583 667 650 universis,
680 591 709 640 et
720 584 821 640 dictum
835 581 897 656 tut,
958 647 960 653 ,
983 575 1012 631 5·
1031 576 1146 633 Venient
1159 587 1250 631 autem
1269 576 1296 633 iu
1311 576 1405 633 tillim
1420 593 1508 646 ibim,
1522 595 1582 651 ‘1¹¹ae
1593 580 1679 652 Berge
1692 597 1737 639 to·

103 671 236 744 edictum]
257 671 568 741 regisitudatcieruset
584 672 697 742 poputns
720 673 821 740 omnis,
848 686 900 729 uec
947 675 1036 735 catur,
1052 668 1187 723 dedicarit
1200 668 1236 724 ibi
1251 668 1395 726 ecetesiam
1419 671 1452 726 ad
1468 673 1625 742 parochiam
1649 676 1735 746 perti·
1821 692 1829 711 ·

103 764 264 820 resonarint
280 764 333 820 utta
347 763 529 821 contradictio
539 764 686 835 cujustibet
699 766 829 822 bominis.
841 765 898 821 ,tu-
948 766 1069 823 nentem,
1084 771 1166 826 quam
1181 757 1291 828 quidem
1306 769 1466 815 antecessor
1492 760 1551 829 eius
1566 761 1736 820 bantraucus

102 855 144 912 dit
157 855 217 912 baec
236 854 295 922 itte,
317 865 345 912 et
359 855 418 913 iere
438 871 524 927 usqne
545 855 580 912 ad
602 857 833 914 exanimationem
855 857 897 914 sui
947 856 1148 914 construxerat,
1164 848 1296 906 sedobitu
1318 859 1471 920 praeventus
1490 853 1616 909 dedicare
1642 856 1735 926 nequi·

103 946 279 1015 contradicit,
292 947 444 1004 reluctatur
457 957 486 1004 et
495 948 605 1005 obsistit
620 946 684 1022 [at.
695 947 808 1022 ebetati.
825 947 897 1004 Ρη).
947 946 1034 995 terat.
1056 937 1097 993 bd
1108 953 1190 1010 quam
1203 939 1400 997 dedicationem
1415 943 1524 1012 quidam
1535 945 1650 1002 ctericus
1666 947 1735 1004 inter

105 1038 177 1095 „tet
189 1048 280 1094 tamen
295 1039 425 1095 pantegra
439 1038 486 1096 neq
513 1049 672 1096 pommus,
696 1039 811 1110 Raptim
831 1054 898 1110 ρῳ)
948 1027 1057 1082 aliosde
1071 1026 1209 1083 Londouia
1223 1029 1346 1096 ueniens,
1362 1044 1446 1100 seque
1458 1032 1529 1088 iuter
1554 1033 1667 1091 ciericos
1683 1036 1734 1091 tiri

108 1127 284 1185 contorqueas
307 1128 334 1183 tn
349 1127 465 1184 vicinam
489 1128 708 1185 eoetesjamcum
733 1129 842 1200 hymnis
869 1135 901 1185 er<
947 1116 1022 1187 quasi
1036 1116 1071 1171 ad
1084 1117 1355 1175 comministrandum
1369 1121 1491 1188 mittens,
1516 1123 1734 1182 chrismatorium

104 1216 365 1287 tandtnquqrutqr
388 1216 473 1286 magis
494 1231 575 1287 quam
599 1216 717 1273 ducitur,
739 1218 808 1274 Acin
834 1225 898 1273 sunt
947 1207 1081 1278 pontilicis
1095 1207 1164 1263 ctam
1177 1209 1322 1280 subripuit,
1338 1218 1366 1267 et
1387 1211 1414 1266 in
1430 1213 1537 1268 turbam
1568 1230 1673 1272 mersus
1694 1216 1737 1272 iu-

105 1306 412 1364 mannoponqntoe
433 1307 630 1364 {near-„armis
654 1308 750 1365 mitte„
779 1323 897 1380 „onage
946 1311 1007 1368 gam
1022 1295 1145 1366 arripuit.
1160 1297 1227 1353 bun
1240 1299 1322 1369 igitur
1334 1301 1393 1364 iter,
1409 1302 1479 1373 quod
1503 1303 1669 1362 Loudouiam
1686 1309 1738 1364 dtr·

104 1399 173 1455 simo
187 1398 281 1466 tertio,
295 1398 366 1470 prid.
379 1397 448 1455 Nou.
464 1397 565 1466 biartii,
576 1400 664 1471 prime
678 1400 816 1456 bominiea
829 1398 897 1468 Qun.
946 1389 993 1454 cit,
1007 1389 1146 1462 ingressus
1172 1407 1234 1447 eum
1255 1392 1329 1449 iurto
1353 1393 1460 1461 inisset,
1483 1395 1588 1453 reflexit
1613 1414 1735 1470 gressum

104 1489 180 1559 ,m
947 1496 999 1537 uon
1013 1491 1157 1538 autumans
1168 1482 1229 1555 [et.,
1255 1500 1378 1554 gressum
1401 1488 1602 1561 obturatus...]
1630 1490 1675 1544 sed
1701 1491 1736 1546 ari

136 1578 166 1634 b.
180 1577 211 1633 ln
222 1578 400 1649 subsequenti
411 1588 501 1636 autem
516 1579 587 1637 iesto
606 1580 717 1638 Pascite
728 1581 895 1638 wintoniam
947 1574 1128 1645 locutionem
1144 1574 1204 1647 [ab.
1225 1574 1290 1648 quo]
1306 1576 1427 1648 fugiebat
1440 1575 1579 1633 festinate·
1606 1578 1659 1634 Sed
1673 1596 1738 1636 tum

105 1667 248 1725 mimus
261 1670 380 1738 armni,
394 1680 421 1728 et
434 1672 461 1727 q„
474 1672 604 1730 suburbio
629 1675 748 1732 cquqaqs
773 1676 895 1747 hospita·
911 1647 933 1703 b
947 1664 1054 1722 rediens
1083 1668 1208 1723 artuuaue
1233 1668 1319 1738 plebis
1343 1669 1545 1728 mirititndinem
1568 1673 1741 1743 reperisset,

106 1769 147 1816 ω.
157 1768 211 1817 est,
228 1761 286 1820 una
303 1761 386 1833 igitur
396 1771 477 1820 11oeoe
488 1764 514 1819 r„
526 1772 597 1824 nequa
611 1767 734 1823 suburbii
747 1782 795 1837 per·
817 1768 896 1825 ineu.
950 1756 1143 1815 animadvertit
1156 1761 1316 1830 secupitum
1343 1761 1396 1816 iter
1422 1771 1602 1832 permutasse,
1626 1771 1654 1819 et
1681 1780 1734 1834 qua

106 1850 171 1905 riam
189 1851 261 1918 iqnis
270 1852 410 1908 ditabitur.
425 1853 486 1921 Quo
508 1863 659 1922 crescente,
687 1856 801 1913 aedificia
822 1871 896 1927 quar·
945 1861 1056 1906 venerat
1068 1853 1140 1908 riam
1153 1852 1250 1922 repetit
1262 1851 1324 1924 [ni.,
1338 1851 1463 1925 reperit}
1483 1853 1657 1924 otiquautrmr
1672 1872 1736 1925 pro-

105 1957 154 2010 que
168 1943 271 2013 passim
285 1945 525 2000 consumebantur.
554 1945 587 2002 Et
599 1948 654 2018 jam
668 1948 737 2019 ignis
752 1949 823 2004 idem
846 1949 896 2007 iro·
945 1951 1077 2010 cesserat,
1092 1943 1231 2000 etiterum
1245 1945 1331 2000 risuum
1347 1953 1389 2000 est
1402 1945 1454 2000 sibi
1479 1960 1512 2000 eo
1537 1946 1651 2002 tendere
1678 1963 1733 2017 quo

105 2031 214 2100 spitittm
229 2032 349 2089 bnseimi
362 2044 589 2104 consumpturus,
610 2038 714 2118 duabus
730 2045 834 2098 tantum
847 2038 896 2095 do·
946 2034 1075 2105 turgiebat.
1090 2034 1203 2090 Factum
1214 2044 1258 2091 est
1269 2035 1321 2092 boc
1335 2034 1515 2106 frequentius,
1535 2045 1563 2090 et
1587 2052 1659 2091 nunc
1682 2037 1734 2093 bae

106 2125 192 2180 rnibus
205 2123 385 2194 interpositis,
398 2124 502 2182 aderat.
518 2125 683 2194 Quibusdam
699 2129 822 2198 igiturea
835 2143 896 2199 quar
945 2137 1018 2177 ntrrrc
1031 2122 1093 2179 itiac
1104 2124 1228 2179 nesciens
1240 2138 1295 2193 quo
1315 2122 1367 2178 iret
1378 2137 1508 2179 erroneus
1522 2121 1669 2179 terebatur.
1682 2123 1733 2178 Po·

105 2218 130 2272 in
140 2217 223 2273 domo
237 2225 318 2272 erant
328 2217 544 2287 asportantibus,
570 2218 710 2274 interdixit
723 2219 894 2278 dominado·
944 2212 1124 2284 ttulttsttsseffl
1139 2213 1185 2285 (1¹1³
1207 2227 1269 2269 0¹¹¹¹¹
1288 2213 1328 2269 ⁸5⁰
1347 2227 1377 2269 ὅθ
1400 2213 1543 2268 'libentem
1568 2212 1732 2279 intuebatur,

106 2320 174 2374 rins,
185 2304 326 2361 adirnrans
338 2320 368 2362 se
382 2304 456 2362 nulio
474 2306 556 2364 modo
577 2306 628 2362 sibi
652 2305 698 2363 ret
714 2307 771 2364 suis
792 2307 895 2379 aliquid
944 2304 1072 2375 quidnam
1091 2302 1203 2360 baberet
1215 2302 1376 2359 mirabatur.
1391 2303 1424 2358 tt
1434 2303 1479 2359 ubi
1493 2302 1609 2358 ministri
1622 2304 1732 2374 pontiti-

105 2395 195 2451 darnni
209 2395 316 2458 timere,
330 2410 392 2466 qum
407 2402 512 2450 tautum
523 2394 669 2467 hospitem,
694 2396 746 2452 boc
758 2405 813 2463 est,
834 2399 893 2454 bn·
944 2395 985 2451 cis
993 2409 1042 2452 ras
1055 2394 1214 2452 chrismatis
1222 2393 1366 2465 perditum.
1378 2407 1440 2450 esse
1455 2403 1651 2465 cognorerunt,
1664 2409 1731 2450 cou-

104 2485 218 2543 telmom
242 2484 475 2556 archiepiscopum
494 2485 640 2543 meruisset
664 2500 757 2544 seeum
779 2486 893 2544 habere.
944 2484 996 2542 iusi
1015 2495 1044 2542 et
1054 2484 1249 2542 tumultuantes
1259 2483 1423 2548 discurrunt,
1442 2482 1513 2553 quod
1528 2483 1662 2554 perditum
1672 2494 1740 2540 erat.

104 2575 156 2632 tro
169 2574 269 2645 quibus
282 2574 374 2630 verbis
386 2573 532 2632 balduinus
555 2574 597 2630 tir
616 2582 745 2632 strenuus
758 2584 786 2632 et
800 2590 894 2633 motta·
943 2577 1007 2635 irinc
1019 2577 1081 2636 inde
1096 2585 1229 2649 quaet‘ttttt,
1243 2575 1399 2647 ignorantes
1411 2589 1427 2628 a
1442 2588 1496 2646 quo
1509 2574 1551 2630 tei
1566 2574 1610 2630 ubi
1625 2574 1732 2646 idquae·

105 2663 170 2719 durs
184 2662 292 2718 mulieri
304 2676 474 2733 compassus,
489 2663 575 2719 suasit
594 2662 722 2720 tosetuo
746 2674 776 2721 nt
793 2665 893 2738 hospiti
943 2683 1005 2724 rere
1014 2676 1089 2725 certo
1098 2667 1222 2724 debeant.
1235 2664 1338 2722 Rumor
1350 2664 1442 2721 damni
1456 2664 1543 2722 tertur
1553 2665 1580 2720 in
1592 2665 1732 2736 poputum,

104 2769 158 2810 srrae
170 2754 436 2810 subveniretbtiiie
448 2771 455 2809 ι
469 2753 892 2826 tdqoinquarei-Egredere,
942 2769 971 2817 ct
990 2759 1084 2831 opinio
1104 2759 1250 2817 multorum
1277 2758 1353 2815 eadit
1371 2756 1399 2813 in
1422 2771 1567 2814 erroneum
1591 2757 1732 2813 clericum.

105 2844 202 2918 iuquit,
216 2853 244 2901 et
262 2845 368 2915 siguum
380 2845 472 2903 ertteis
483 2845 538 2917 igni
550 2860 674 2918 appone,
699 2847 804 2903 arcebit
816 2846 902 2905 utun
942 2850 1065 2921 Capitur,
1079 2858 1109 2906 et
1121 2850 1172 2908 sub
1186 2863 1271 2921 eappa
1282 2848 1354 2905 iltius
1366 2863 1414 2904 tas
1428 2849 1570 2920 abreptum
1584 2848 1721 2905 iuvenitur

105 2939 173 2995 torte
184 2940 266 2995 bens.
275 2956 285 2990 ι
295 2937 463 3008 Respondit:
476 2955 486 2991 t
497 2938 622 2995 Pronnoi
634 2936 755 2996 Nitritest
766 2940 839 3009 quod
850 2939 928 3038 di·c
944 2941 1071 3001 Reiertnr
1082 2941 1200 2999 substiti
1210 2940 1282 3012 quod
1294 2949 1384 2998 actum
1398 2949 1468 2996 erat.
1491 2941 1528 2995 bt
1540 2940 1597 3010 ipse
1610 2940 1732 2996 modesto

103 3033 150 3089 eis.
163 3050 174 3086 r
187 3029 891 3102 opusnsnmendomunut,ttnoretneendttdu·
943 3036 1041 3104 ruitu,
1071 3043 1215 3105 menteque
1237 3033 1381 3105 tranquilla
1405 3031 1598 3101 statimiussit
1624 3031 1731 3102 entpuu

104 3129 174 3186 ⁰²⁸⁸,
193 3128 222 3175 ti
231 3120 296 3176 '1⁸5⁵
305 3118 506 3177 flammnfibtts
517 3119 614 3193 globis,
627 3134 648 3175 a·
657 3119 893 3178 venerabitem-
943 3127 1057 3200 ignosci,
1069 3136 1098 3183 et
1111 3125 1239 3183 clericum
1259 3125 1293 3181 ad
1306 3135 1355 3180 snt
1384 3123 1499 3178 liberunt
1520 3122 1629 3178 dimitti.
1655 3122 1732 3177 Tunc

103 3209 203 3282 4⁰¹P¹¹⁰
216 3210 343 3282 ‘bimis’
356 3221 384 3268 0²
397 3211 431 3266 ib
445 3211 540 3268 iodim
554 3211 685 3269 Bilduitw
696 3221 790 3270 coniti
803 3213 892 3285 isdem
943 3220 987 3276 iile
998 3220 1049 3274 iter
1060 3221 1130 3289 quod
1152 3219 1224 3273 irrrto
1238 3225 1366 3289 qmratus
1380 3215 1534 3270 nuliatenus
1554 3223 1647 3269 tenore
1659 3211 1730 3268 seie-

104 3301 208 3373 signunr
222 3302 322 3368 erucis,
346 3310 437 3358 erecta
459 3302 487 3357 in
509 3301 716 3369 attondentur,
738 3303 819 3360 odere
846 3317 892 3359 co·
942 3308 998 3375 bat,
1018 3309 1087 3365 iiber
1101 3306 1431 3364 iiiicoetuittilbaesitnns
1456 3304 1595 3376 ingressus
1619 3303 1741 3374 agebat..

103 3401 179 3448 aetus
189 3399 243 3448 est.
255 3390 378 3448 biirabite
392 3392 476 3447 dictu.
489 3391 546 3447 Non
558 3391 633 3463 prius
643 3407 753 3448 manum
764 3392 892 3450 extende-
976 3398 1003 3456 6,
1020 3399 1085 3456 post
1096 3399 1163 3466 time,
1181 3396 1276 3468 paucis
1293 3395 1389 3452 diebus
1413 3394 1591 3466 intermistus,
1618 3393 1730 3447 manna.
1790 3380 1795 3387 '

104 3491 155 3549 rat,
169 3497 252 3554 qnam
265 3483 334 3538 inse
352 3483 504 3539 incendium
516 3485 677 3554 retorqueri,
691 3483 813 3541 marmus
825 3484 891 3542 deii·
943 3492 1032 3549 iurat
1049 3490 1206 3548 cartamine
1219 3488 1373 3553 anselmus,
1388 3502 1478 3559 πψτη
1503 3502 1578 3543 mare
1602 3487 1739 3542 impu..

104 3588 313 3642 eerecerneres,
339 3575 376 3630 ita
402 3583 433 3630 ut
455 3576 564 3631 domum
587 3577 669 3632 etiam
692 3592 773 3648 qnam
794 3592 891 3634 rorare
942 3599 1062 3639 rnmsua
1085 3581 1276 3638 benedictione
1300 3588 1504 3652 prosecuturus.
1529 3576 1578 3646 Qui
1599 3577 1740 3634 transitus.

104 3672 252 3734 effluenti,
263 3664 420 3719 semiustam
432 3665 624 3735 relinquerent.
942 3674 1005 3728 dum
1020 3682 1101 3729 tento
1111 3673 1237 3729 obstante
1248 3669 1381 3740 ditiertnr,
1392 3667 1536 3726 Anselmtts
1545 3676 1727 3738 opportunum

137 3757 164 3811 ⁴·
180 3756 267 3827 '85¹⁰'
279 3756 434 3822 Assffllfflttsi
448 3766 559 3826 propter
571 3755 670 3811 multas
692 3758 812 3814 rationes
830 3773 891 3829 qute
941 3777 970 3818 se
986 3772 1091 3833 tempos
1103 3770 1212 3816 nactum
1229 3760 1397 3827 existimaus,
1409 3773 1500 3831 regem
1525 3772 1576 3828 pro
1598 3756 1726 3812 ecetesia-

105 3845 315 3912 ffttwfttbtttnb
332 3847 452 3903 nondum
479 3855 657 3902 consenserat
678 3847 804 3904 electioni
830 3864 891 3918 qum
942 3869 1001 3909 rum
1015 3868 1075 3922 quae
1088 3854 1121 3908 de
1133 3853 1177 3908 die
1194 3851 1221 3906 in
1235 3851 1307 3907 diem
1319 3849 1527 3906 destruebantur
1550 3848 1741 3912 roboratione..

103 3936 178 3991 deae
198 3936 368 4011 iactaiuerat
380 3945 413 3992 ut
426 3936 547 4007 pontifex
560 3936 651 4002 iteret:
678 3939 725 3993 sed
739 3940 889 3994 tameude-
942 3941 1164 4013 protlbristiaore
1186 3939 1254 4011 legis
1268 3952 1328 4008 qum
1349 3939 1376 3991 in
1397 3936 1489 3992 multis
1509 3934 1663 3991 tiotabatur
1683 3951 1728 3991 re·

104 4025 206 4081 tinente
219 4025 292 4080 iiiam
306 4042 369 4098 rege
383 4026 539 4082 morabatur
550 4027 576 4082 in
591 4028 697 4099 Anglii,
709 4039 890 4088 conversante
941 4035 1095 4100 narratione,
1106 4048 1155 4103 pro
1168 4030 1335 4087 diversorum
1345 4042 1461 4095 morum,
1473 4026 1517 4097 qui
1530 4025 1556 4082 in
1569 4023 1618 4099 [oi.
1639 4025 1738 4097 omiti.

103 4132 256 4173 eumeces
266 4118 344 4189 jussu
357 4119 429 4187 repis
450 4117 563 4187 praeiato
582 4118 745 4190 Gurrduipbo
768 4121 888 4177 itotieusi
939 4122 1013 4179 omni
1039 4122 1134 4178 ortliue
1159 4120 1297 4175 bominum
1323 4116 1442 4188 quotidie
1469 4115 1549 4172 uimis
1570 4129 1727 4186 corrumpe·

78 4212 82 4219 '
103 4210 242 4283 episcopo,
254 4209 317 4266 etei
329 4226 389 4280 quae
402 4220 560 4280 oposeraut
586 4211 765 4268 ministrante.
784 4213 896 4268 Abtatis
939 4215 1047 4278 bantur,
1062 4212 1230 4270 correctione
1243 4209 1325 4280 eoepit
1350 4207 1532 4280 interpellare,
1552 4223 1613 4279 qum
1635 4207 1726 4263 omnia

103 4309 193 4357 autem
207 4301 343 4357 demedio
365 4302 516 4356 rationibus
534 4300 596 4368 iltis,
622 4304 728 4358 taudem
746 4310 808 4373 post
831 4303 890 4358 ion·
906 4306 929 4365 t)
943 4319 1004 4363 cuna
1018 4318 1113 4374 inagna
1139 4301 1321 4371 indignatione
1341 4298 1500 4369 suscipiens,
1522 4310 1573 4352 uec
1596 4308 1626 4351 se
1646 4310 1726 4351 carisa

103 4409 164 4465 tarn
180 4393 310 4463 temporis
321 4393 448 4462 spatium,
461 4391 615 4447 obedientia
637 4392 717 4446 simut
738 4407 771 4448 ae
794 4408 889 4449 neces·
943 4393 1014 4448 iltius
1028 4393 1172 4461 quidquam
1185 4391 1217 4445 de
1230 4388 1355 4444 erunibus
1366 4396 1489 4442 acturum
1508 4385 1564 4441 iore
1575 4393 1736 4454 protestans-

102 4483 356 4539 summoueretur
370 4482 517 4547 consensit,
539 4490 567 4536 et
589 4481 660 4552 prid.
684 4481 753 4537 Non.
783 4483 889 4538 boccan.
943 4483 1077 4538 homiuem
1095 4480 1242 4544 discedere,
1264 4476 1607 4533 necsetransiretaturum
1627 4476 1743 4554 diunius⁸

103 4576 269 4632 debitorum
283 4575 385 4629 bettore
406 4575 441 4628 ab
464 4575 592 4629 omuibus
616 4573 751 4644 episeopis
776 4574 889 4644 brrgtiae,
943 4572 979 4628 ibi
995 4579 1153 4641 exspectare
1168 4570 1253 4624 iratus
1267 4567 1402 4637 praecepit.

103 4664 258 4722 Cautunriae
286 4673 461 4719 consecratus
484 4671 536 4718 est.
558 4663 586 4718 in
609 4678 661 4732 qua
683 4665 890 4721 consecratione
976 4661 1195 4718 i.Cousideraus
1215 4659 1359 4715 dussimus
1378 4667 1439 4727 post
1465 4658 1522 4713 bac
1542 4656 1607 4727 quid
1628 4657 1728 4728 quictis

103 4756 255 4826 evangeliea
268 4753 311 4810 iiia
326 4754 459 4810 sententia
474 4768 555 4824 super
568 4769 629 4810 eum
645 4766 750 4825 reperta
761 4766 802 4811 est
815 4773 821 4809 :
840 4755 891 4810 Vo·
940 4752 1100 4827 perdiderit,
1113 4751 1179 4822 quid
1189 4749 1291 4806 laboris
1307 4749 1450 4811 invenerit,
1465 4749 1644 4803 anxiatusest
1666 4748 1724 4817 spi-

102 4848 167 4902 ceet't
182 4846 277 4900 multoe
291 4861 301 4899 .·
316 4845 348 4898 Et
358 4845 427 4898 utirit
438 4860 539 4899 ternum
552 4861 628 4899 auum
643 4847 708 4901 bore
720 4848 889 4902 omnedicerc
941 4845 1005 4911 ritu,
1016 4851 1045 4899 et
1066 4840 1220 4898 reticuerit
1251 4839 1342 4896 doloro
1363 4838 1483 4894 attritus.
1509 4838 1629 4893 Ducebat
1652 4837 1725 4891 eniut

103 4935 216 4990 inritatis
230 4944 257 4989 ιιι
273 4934 398 4999 uenirent,
412 4934 473 5003 quio
483 4933 648 5004 jompareta
664 4945 724 4988 runt
736 4937 835 4990 orrtuio.
854 4934 890 4989 tu
940 4943 1003 4991 aute
1017 4932 1111 4989 octrlos
1122 4947 1179 4988 suae
1194 4931 1290 4987 mentis
1305 4931 1413 5002 qualem
1429 4931 1455 4984 iu
1467 4930 1587 5001 prioratu
1603 4937 1629 4984 et
1640 4928 1727 4984 abba·

103 5034 231 5096 coeperunt
243 5023 322 5079 timui
333 5039 420 5079 outnet
436 5039 561 5077 euururc
582 5023 689 5094 (biottb.
706 5041 772 5088 rxtr,
783 5027 822 5096 5).
838 5026 889 5082 be·
939 5021 979 5080 tio
992 5023 1096 5094 positus
1108 5019 1724 5092 titaniaqeresoiebnt,quamsciiicetjucunde

35 5157 44 5169 .
103 5115 164 5170 bitte
177 5113 379 5184 cumseregati
392 5113 475 5169 curiae
488 5112 514 5166 in
525 5111 673 5169 Nativitate
702 5116 808 5170 tietuini
823 5115 895 5171 Jesn-
938 5113 966 5168 iu
984 5112 1031 5169 bei
1044 5119 1072 5167 et
1084 5111 1200 5182 proximi
1212 5111 1346 5167 ebaritate
1368 5110 1523 5180 quiescebat
1546 5124 1580 5163 ae
1603 5107 1721 5162 detecta-

102 5210 303 5276 prteseotasset,
315 5211 343 5258 et
356 5202 504 5258 bonorittce
516 5217 532 5257 a
544 5216 608 5274 rege
620 5214 772 5274 susceptus,
786 5206 888 5273 primos
938 5205 1029 5267 batur,
1040 5218 1120 5274 quam
1135 5202 1230 5258 devote
1243 5200 1325 5257 rerba
1342 5201 1403 5255 ritae
1416 5199 1527 5269 loquens
1542 5190 1575 5251 ab
1596 5196 1723 5253 omnibus
1802 5246 1808 5253 .

103 5309 157 5350 tres
170 5294 230 5349 dies
243 5290 398 5349 festivitatis
408 5291 481 5347 cirea
492 5304 582 5362 regern
605 5290 683 5346 iaetus
707 5291 766 5365 [at.‚
779 5291 887 5366 ductus]
938 5296 1108 5360 audiebatur,
1120 5309 1200 5364 quam
1210 5292 1332 5349 devotius
1346 5292 1380 5347 ad
1397 5306 1462 5356 stre,
1477 5297 1506 5344 ut
1520 5288 1656 5358 sperabat,
1672 5303 1721 5343 eu·

102 5385 293 5456 transegissem
318 5394 398 5455 post,
425 5387 552 5445 instinctu
574 5388 673 5444 diaboli
696 5389 888 5460 bominumque
938 5386 1038 5441 mutum
1064 5383 1258 5449 retributionis,
1283 5396 1343 5453 qum
1365 5380 1480 5445 dicebat,
1505 5393 1586 5448 opere
1609 5393 1724 5434 exerce·

102 5478 234 5535 erratorum
249 5487 369 5536 mutatus
381 5488 423 5536 est
433 5481 539 5537 animus
554 5479 627 5550 regis
645 5487 738 5535 contra
759 5494 831 5549 eum,
854 5496 888 5537 eo
938 5484 1034 5539 bautnr
1050 5489 1097 5537 :et
1107 5496 1178 5538 nune
1192 5495 1207 5537 e
1222 5493 1352 5536 converso
1364 5492 1424 5532 euru
1440 5476 1466 5531 in
1478 5476 1575 5533 metius
1590 5491 1639 5548 per
1663 5476 1720 5546 epi·

102 5569 172 5641 qiud
184 5569 244 5643 ipse
257 5570 379 5644 spoliatis
393 5570 549 5631 bominibus
559 5573 617 5629 suis
636 5569 708 5627 mitte
733 5572 816 5631 libras
840 5573 886 5631 de·
938 5584 1076 5647 stornatum
1091 5574 1222 5646 proicere
1238 5571 1370 5638 debuerit,
1385 5584 1449 5627 erce
1462 5571 1505 5626 die
1531 5585 1563 5627 ae
1586 5578 1666 5625 nocte
1694 5568 1728 5620 iu
