3690 6008
103 159 157 215 sis
819 155 1024 218 stertentes

1683 163 1736 226 art

104 273 261 344 plangere..
277 281 306 329 et
337 273 487 346 plangenda
516 274 634 346 amplius
665 287 717 327 uon
752 271 1068 336 amittere.Atimorcut
1091 269 1212 326 noxium.
1239 269 1363 342 Respice,
1390 281 1419 329 et
1444 271 1566 331 illumina
1595 291 1647 333 cor
1675 281 1734 352 ejus

104 364 242 432 Quomodo
263 379 328 420 vero
352 368 490 422 otlseretor
514 367 594 422 Peter
613 366 741 437 fitiorum,
757 373 786 421 et
807 365 894 423 multo
945 356 1126 425 ⁰b0ae⁰³²¹¹ms
1143 366 1173 414 ¹¹¹
1184 357 1276 415 videbi
1290 371 1318 416 ct
1334 361 1469 435 intelligat
1480 379 1560 434 quom
1575 383 1673 439 meque
1687 371 1734 438 sit,

103 456 190 528 nraqis
201 471 284 526 qoam
299 465 376 526 pater
388 458 506 516 carrralis
520 459 637 514 illiorum
650 497 658 522 ,
673 458 819 513 miseretur
833 457 894 529 pios
944 457 973 507 el
985 465 1069 521 quum
1080 451 1206 508 amabilis
1220 451 1361 508 multitudo
1375 453 1520 512 dulcedinis
1533 468 1597 526 turc,
1612 459 1735 532 licutino,
1753 529 1756 533 ,

101 556 131 602 ct
143 547 300 604 misericors
313 547 444 606 boninus
457 549 623 605 omniumse
643 549 807 605 timentium.
833 546 895 616 ipse
943 558 1024 614 ouem
1052 543 1215 599 abscondisti
1238 545 1444 642 desperantibus
1473 549 1507 604 de
1534 560 1570 616 ¹0,
1599 551 1737 621 perfecisti

101 640 177 695 enim
209 641 287 696 novit
308 640 461 712 firmentum
491 650 630 706 nostrum,·
663 641 789 710 cognovit
810 640 894 696 etiam
943 634 1222 704 iuletnstterautibos
1240 636 1265 690 in
1288 646 1314 693 te
1335 636 1422 708 (Prot.
1439 654 1503 706 m,
1523 639 1580 712 20).
1598 641 1736 719 Noneonr

103 732 175 786 „nde
205 747 256 787 „05
286 731 350 787 feei,
370 731 465 787 „mum
494 739 617 787 „ostrum
643 729 701 785 ron,
725 730 895 786 pecofqaqqq·
943 722 1091 794 demerent,
1118 723 1275 783 dulcissime
1302 727 1388 797 oeus,
1417 745 1472 786 non
1505 747 1566 787 cunr
1597 733 1738 809 ‹leniorgat

101 822 175 876 enim
191 820 753 894 qoodpuloisssmosil'sol.ctt,lb,il),
774 820 892 884 etcinis,
943 822 1082 885 tempestas
1112 831 1189 886 oqooe
1215 834 1261 872 nec
1287 819 1424 886 obsorbeat
1453 822 1626 893 profundum,
1655 844 1737 898 neque

104 913 152 968 sed
168 921 258 967 tarncn
276 913 382 984 adeius
396 913 541 985 imaginem
557 912 633 969 lacti.
647 913 787 968 intuentes
802 919 894 967 autem
943 916 1034 981 arsedi
1052 922 1131 977 tutet·
1146 922 1207 964 eum
1220 919 1314 979 oblatu
1330 928 1359 967 ⁰⁸
1373 929 1449 967 suom
1465 914 1552 985 (Pittb
1569 933 1664 985 antro,
1681 919 1736 992 16),

100 1020 220 1075 meque
238 1004 512 1062 conqqqnqegqanqqm
522 1007 738 1063 misericordem
749 1006 794 1039 ωτι
810 1004 895 1061 caeq.
943 996 1048 1054 sciiicet
1065 1000 1180 1070 abyssos
1198 1002 1370 1073 iniquitatum
1391 1022 1511 1075 suarum,
1536 1021 1562 1066 et
1584 1012 1737 1084 desperatio

101 1095 170 1150 toris
188 1095 273 1151 nostri
298 1104 534 1164 erqacreaturam
554 1110 643 1163 suam,
667 1096 774 1152 nonde
797 1094 895 1151 remis·
943 1090 1149 1148 miserationum
1181 1102 1299 1150 tuarum.
1335 1097 1494 1164 Credimus,
1524 1101 1739 1162 clornentissime

100 1185 178 1240 sione
204 1185 345 1255 culparum
367 1185 552 1256 desperemus.
578 1185 712 1254 Quoniam
733 1185 757 1242 si
781 1201 815 1242 es
838 1194 895 1242 toto
943 1193 1052 1239 creator
1074 1184 1214 1242 homiuum
1237 1187 1318 1253 Deus,
1337 1197 1363 1246 te
1377 1205 1437 1247 esse
1460 1193 1686 1265 omnipotentem,
1711 1210 1739 1255 et

101 1278 185 1333 corde
210 1277 408 1347 poeniteamus,
437 1285 602 1347 nostrasque
627 1277 785 1348 iniquitates
803 1278 893 1348 dignis
943 1273 1034 1328 omnia
1049 1288 1219 1346 quecunque
1233 1279 1275 1334 eis
1297 1277 1441 1338 facientem
1476 1283 1515 1340 bc
1538 1294 1563 1342 te
1578 1287 1650 1343 onim
1670 1289 1738 1346 Pro·

100 1365 208 1423 [letibus
232 1367 419 1436 insequamur,
438 1366 497 1436 ejus
524 1365 787 1439 indulgentissimam
808 1367 892 1437 pieta-
943 1364 1024 1436 pheta
1049 1364 1095 1397 ¹⁰⁰¹
1109 1364 1193 1421 dicit:
1219 1365 1315 1423 Omnis
1340 1386 1502 1444 quocunque
1515 1374 1594 1431 uoluit
1608 1375 1738 1433 Donrinns

101 1469 156 1515 tem
170 1458 348 1530 proculdubio
363 1473 573 1529 consequemur.
621 1516 630 1523 η
943 1451 1003 1522 iecit
1016 1453 1043 1506 in
1057 1453 1132 1521 coelo,
1153 1463 1178 1508 et
1194 1456 1222 1510 in
1241 1465 1321 1521 terro,
1337 1468 1360 1513 ct
1378 1458 1404 1513 in
1424 1461 1505 1525 mori,
1524 1473 1547 1516 et
1570 1463 1598 1518 in
1619 1466 1738 1521 omnibus

136 1546 190 1603 seo
211 1546 328 1603 tortasse
350 1547 449 1618 aliquis
465 1557 555 1603 nieme
568 1548 700 1617 perditus,
716 1544 812 1617 etjam
827 1547 893 1619 ipsis
944 1543 991 1576 ¹⁰⁸³
1013 1544 1114 1616 ulyssis
1135 1543 1222 1618 (Psoi.
1238 1562 1348 1619 cxxxiv,
1372 1550 1411 1623 6).
1431 1550 1539 1610 Scimus
1561 1565 1653 1612 autem
1675 1559 1738 1628 qnia

101 1638 276 1708 voraginibus
293 1646 402 1694 aeterne
424 1638 607 1695 damnationis
629 1639 784 1707 immersus,
805 1639 931 1710 consi-,13
944 1648 997 1689 non
1012 1636 1053 1691 vis
1072 1646 1229 1706 peccatores
1244 1640 1368 1708 periero,
1391 1642 1438 1696 scd
1457 1659 1471 1695 a
1487 1647 1606 1712 pcccatis
1619 1662 1737 1711 cessare,

101 1728 201 1784 clerone
224 1730 414 1784 enormitatem
440 1728 573 1784 scelerum
599 1745 722 1798 suorum,
746 1731 910 1801 desperans·

101 1820 136 1876 de
160 1820 346 1877 misericordia
371 1821 436 1885 Dei,
468 1821 558 1878 dicere
583 1821 655 1893 apud
679 1837 710 1879 ee
734 1824 893 1893 presumit:

102 1915 180 1983 Quod
203 1915 348 1971 consilinm
367 1915 559 1986 recuperandae
581 1914 679 1971 salotis
696 1915 754 1987 jam
778 1915 895 1986 amplius

103 2005 225 2061 invenire
239 2013 344 2074 potero,
366 2014 414 2059 ant
427 2018 508 2073 qoam
532 2005 759 2073 consolationem,
775 2006 894 2078 aliquam

101 2095 210 2150 veniam
224 2094 359 2151 scelerum
374 2095 590 2164 promittentem,
614 2094 748 2166 sperabtil
769 2095 809 2152 En
841 2111 895 2167 quo

101 2199 215 2255 peccare
235 2185 322 2254 potui,
345 2199 482 2255 nonquam
497 2201 512 2240 a
526 2187 646 2256 peccatis
659 2195 688 2244 et
704 2187 783 2243 malis
800 2187 893 2258 operi-

101 2275 153 2332 bus
167 2277 282 2332 cessavi.
302 2276 425 2333 Peccatis
448 2287 561 2350 peccata
583 2293 692 2350 semper
713 2280 894 2348 accumulavi,

102 2377 132 2422 et
156 2375 277 2436 pecora,
300 2382 362 2438 qna
382 2367 529 2438 aliquando
549 2369 678 2440 operibus
700 2370 814 2440 implere
838 2386 895 2429 aon

101 2458 189 2530 potui,
205 2458 284 2514 maiis
305 2459 489 2517 voluntatibus
510 2461 636 2518 acmalis
657 2462 896 2534 desideriisperli·

103 2562 167 2606 cere
179 2565 319 2621 uunquam
331 2553 446 2608 cessavi.
465 2551 560 2609 Tantis
573 2568 639 2626 erqo
655 2554 736 2611 malis
748 2563 778 2612 et
794 2554 895 2628 iniqui·

105 2641 206 2698 tatibus
229 2642 276 2674 ¹⁰¹⁸
290 2642 436 2710 involutus,
462 2645 546 2701 tantis
560 2645 721 2721 criminibus
732 2656 761 2704 et
774 2649 895 2718 peccatis

101 2731 295 2799 circumdatus,
311 2733 376 2804 quid
384 2732 440 2803 jam
452 2744 612 2805 exspectare
626 2748 737 2804 possam
751 2737 802 2793 nisi
815 2745 895 2794 ater-

101 2840 165 2880 nam
189 2825 368 2896 perditionem
391 2834 554 2898 aeternaeqoe
576 2826 738 2898 perditionis
761 2838 895 2887 aeoernam

102 2918 327 2973 damnationem?
344 2918 495 2988 Aliquando
516 2933 580 2975 vero
598 2921 621 2975 si
642 2920 761 2991 aliquam
776 2921 823 2954 Μ’
847 2924 894 2978 mi·

947 1735 974 1781 et
994 1725 1096 1782 vivere.
1118 1724 1146 1781 st
1171 1743 1236 1799 erqo
1256 1729 1427 1802 omnipotens
1452 1747 1492 1800 es,
1515 1745 1586 1790 srcot
1609 1751 1672 1791 scre
1697 1752 1738 1802 cs,

946 1816 1009 1886 quio
1030 1816 1161 1887 quidquid
1181 1816 1231 1883 sis,
1254 1818 1345 1875 locere
1361 1830 1451 1891 potes,
1473 1831 1502 1878 et
1516 1838 1570 1879 non
1585 1824 1627 1880 vis
1641 1840 1737 1896 pecca-

947 1915 1021 1964 tores
1044 1908 1167 1978 perdere,
1191 1909 1240 1966 sed
1261 1909 1372 1967 amalis
1394 1913 1565 1982 resipiscere,
1587 1925 1614 1971 et
1630 1918 1738 1977 vivere:

946 2002 980 2059 de
994 2000 1167 2058 multitudine
1188 1993 1395 2059 miserationum
1418 2012 1526 2062 tuarum
1540 2021 1595 2063 non
1610 2006 1740 2065 debemus

946 2090 1107 2160 desperare;
1117 2091 1177 2158 sed,
1191 2091 1280 2148 securi
1295 2091 1329 2148 de
1343 2106 1391 2163 spe
1406 2093 1502 2162 vente,
1520 2094 1738 2153 misericordiam

946 2190 1116 2254 exspectare.
1133 2182 1233 2239 Verum
1248 2192 1291 2239 est
1311 2185 1422 2239 omnlno
1435 2183 1498 2256 quia
1518 2184 1603 2241 nauita
1624 2197 1688 2242 sunt
1709 2197 1739 2242 ct

947 2289 1044 2347 magna
1059 2283 1170 2345 peccata
1185 2281 1290 2337 nostra,
1304 2274 1352 2330 sed
1371 2274 1439 2330 certi
1457 2286 1551 2330 snmus
1565 2275 1629 2346 quia
1650 2276 1736 2333 uiuite

947 2372 990 2420 est
1004 2373 1034 2420 et
1047 2379 1145 2435 magna
1158 2363 1346 2421 misericordia
1361 2375 1416 2420 toa.

983 2454 1101 2522 Scimus,
1116 2452 1288 2525 omnipotens
1307 2465 1335 2510 et
1357 2454 1514 2511 misericors
1536 2452 1618 2525 ileos,
1638 2456 1740 2516 scimus

946 2546 1012 2619 quia
1039 2556 1067 2603 tu
1096 2561 1127 2605 es
1151 2562 1275 2604 sornmos
1305 2545 1431 2618 spiritus,
1459 2540 1688 2607 incommutabilis
1711 2558 1740 2608 ot

946 2631 1075 2708 aeternus,
1089 2638 1182 2697 vivens
1194 2639 1250 2694 nita
1269 2637 1325 2705 t'oa,
1339 2654 1402 2710 qoae
1419 2650 1446 2695 tu
1462 2640 1519 2713 ipse
1539 2657 1581 2708 es,
1594 2650 1620 2697 et
1630 2640 1740 2697 aeterni·

947 2742 1004 2790 tate
1019 2743 1077 2800 tua,
1089 2741 1118 2790 et
1136 2748 1185 2791 uos
1198 2743 1325 2790 creatora
1339 2742 1396 2802 tua,
1409 2749 1425 2790 a
1440 2743 1465 2789 tc
1480 2738 1565 2791 creati
1575 2735 1696 2792 bonitate
1711 2746 1740 2792 ct

947 2825 1122 2882 miseratione
1140 2833 1197 2881 toa.
1211 2824 1265 2881 Nos
1279 2833 1370 2881 autem
1393 2842 1454 2882 cum
1468 2841 1623 2898 peccamus,
1640 2828 1667 2885 id
1683 2838 1737 2894 est,

947 2930 1008 2971 curo
1031 2929 1063 2970 ea
1081 2928 1143 2985 quae
1161 2913 1242 2985 jubes
1265 2929 1319 2971 non
1334 2913 1457 2983 iacimus,
1480 2925 1508 2972 ct
1529 2932 1588 2986 quar
1611 2918 1740 2988 prohibes

100 3008 250 3062 sericorum
276 3007 324 3064 Dei
351 3017 525 3079 peccatorum
549 3008 750 3068 confessionem
774 3011 844 3078 teci,
868 3014 931 3072 erc
946 3004 1073 3071 iacimus,
1091 3020 1139 3075 per
1154 3015 1297 3077 peccatum
1309 3005 1362 3039 ⁴⁰⁸⁸
1376 3018 1498 3064 nostrum
1518 3009 1661 3079 morimur,
1674 3011 1740 3085 licet

101 3108 275 3168 pcccatorum
304 3101 493 3172 paenitentiam
522 3116 539 3157 a
570 3101 713 3159 sacerdote
743 3097 895 3175 accipiens,

103 3188 224 3259 aliquam
245 3191 464 3249 emendationem
489 3190 622 3248 malorum
646 3192 768 3263 promisi,
791 3194 896 3263 sotim,

101 3279 146 3336 rel
168 3291 231 3351 post
251 3298 500 3351 parvammoram,
516 3286 612 3341 eadern
636 3285 707 3341 maia
733 3285 778 3344 vei
800 3285 893 3358 peiora

103 3383 217 3444 peccata
233 3374 294 3442 ieci,
313 3383 341 3431 et
354 3376 431 3447 quasi
447 3376 524 3432 canis
538 3392 665 3433 resersus
687 3393 746 3433 sum
763 3378 798 3434 ad
810 3379 897 3436 tomi·

107 3475 180 3532 tom;
194 3467 265 3536 qood
278 3468 356 3537 qnasi
377 3481 426 3537 per
443 3468 644 3523 contessionem
659 3482 835 3526 evomueram
846 3486 895 3527 ore

101 3565 129 3611 et
140 3559 222 3612 corde
246 3557 303 3622 ¹⁰¹⁸,
327 3557 463 3613 sordidius
479 3558 623 3628 resumpsi.
638 3557 731 3615 luravi
748 3561 832 3617 etiam
845 3576 895 3618 ste·

949 3097 977 3152 in
992 3096 1081 3167 aliqua
1096 3096 1160 3164 ritu,
1181 3099 1260 3154 nobis
1270 3098 1352 3155 etiam
1370 3100 1484 3156 mortuis
1504 3109 1548 3157 tua
1563 3102 1739 3159 irriseratione

948 3200 1089 3254 concessa,
1104 3185 1265 3243 existamus.
1280 3187 1501 3263 sereniorem
1517 3191 1565 3246 tibi
1577 3192 1737 3250 obedientes

947 3279 1102 3346 existimus,
1115 3292 1171 3340 eta
1187 3280 1265 3338 maiis
1284 3281 1412 3353 operibus
1426 3292 1471 3337 tua
1486 3284 1573 3354 qratia
1587 3283 1671 3354 arijuti
1689 3301 1739 3341 nos

947 3373 1124 3442 retineamus,
1136 3375 1250 3447 tibique,
1264 3375 1311 3445 qui
1325 3375 1402 3434 vivus
1419 3375 1531 3445 spiritus
1545 3391 1575 3433 cs
1587 3387 1614 3432 et
1630 3387 1739 3435 creator

947 3475 1052 3534 noster,
1067 3467 1196 3539 perbona
1215 3482 1298 3538 opera
1314 3467 1464 3538 jungimur,
1486 3467 1583 3524 iterum
1598 3469 1738 3527 revivisci·

946 3574 1023 3628 mus;
1048 3570 1077 3617 et
1098 3570 1159 3633 post
1179 3560 1227 3594 ¹⁰⁸⁸
1248 3569 1364 3616 mortem
1378 3560 1405 3615 iu
1419 3569 1520 3618 aterum
1541 3561 1627 3632 pluria
1650 3571 1737 3622 tecum

101 3648 163 3718 pios
176 3662 219 3702 me
233 3648 359 3719 deinceps
372 3663 480 3704 cessure
493 3663 509 3704 a
523 3650 642 3720 peccatis
656 3651 726 3705 viam
741 3651 894 3723 iniquitatis
945 3651 1054 3719 victori,
1080 3651 1104 3708 si
1127 3651 1255 3722 deinceps
1281 3649 1401 3722 qnandiu
1427 3651 1574 3707 vixerimus
1600 3651 1628 3707 io
1653 3651 1738 3711 rectis

101 3741 212 3796 onrrrioo
224 3740 359 3795 dimittere
369 3739 496 3810 viamque
504 3741 618 3812 justitiae
630 3744 718 3817 sequi.
736 3744 792 3800 Sed
806 3759 894 3815 neque
944 3743 1074 3814 oporibus
1090 3751 1298 3813 perseuerantes
1317 3743 1365 3774 ¹⁰⁸⁰
1384 3744 1543 3801 existamus.
1556 3742 1663 3803 Elisous
1675 3760 1738 3817 pvo-

102 3834 183 3889 timor
204 3835 287 3905 ipsios
302 3833 413 3905 peq‘orii
429 3849 471 3890 nte
486 3850 502 3890 a
515 3835 635 3905 peccatis
658 3838 778 3893 retinere
791 3840 892 3910 potuit,
943 3833 1026 3903 pheta
1038 3847 1100 3889 cum
1110 3840 1234 3888 mortuus
1247 3833 1293 3866 ¹⁰⁸⁷
1308 3843 1381 3889 esset
1390 3842 1418 3888 ct
1431 3834 1563 3904 sepultus,
1576 3845 1605 3892 et
1614 3836 1738 3908 quidam,

101 3942 190 3997 neque
209 3929 290 3984 timor
308 3927 355 3984 Dei
370 3937 469 3984 concta
483 3928 519 3984 ab
533 3926 589 3984 alto
599 3928 803 4000 conspicientis.
943 3926 991 3999 qui
1013 3934 1074 3983 erat
1096 3933 1230 3994 mortuus,
1254 3924 1312 3997 ejus
1325 3924 1433 3982 ossibus
1455 3935 1621 3998 ungeretur,
1646 3943 1739 3987 resur·

136 4022 206 4078 Ecce
223 4023 311 4089 vides,
335 4021 493 4078 dulcissime
518 4024 626 4079 ornator
647 4021 789 4078 marinum
806 4020 890 4090 beus,
943 4017 1112 4083 neritinus,
1128 4016 1265 4072 etiterum
1280 4024 1333 4082 est,
1347 4015 1452 4071 rueritis
1466 4016 1609 4089 propbeta
1624 4026 1738 4076 ettactn

100 4114 300 4170 moestuosos
318 4115 546 4182 macroniano,
564 4114 720 4184 erresque
735 4105 892 4172 ooeioetso
942 4109 1075 4179 corporis,
1103 4107 1193 4164 orere
1212 4107 1362 4178 permissus
1381 4105 1407 4179 il
1417 4104 1434 4160 V
1460 4104 1524 4180 beo·
1550 4123 1609 4177 ¹¹¹¹,
1627 4107 1684 4180 st).
1709 4108 1739 4166 Si

102 4203 232 4260 coelornm
250 4203 416 4272 habitaculo,
435 4204 565 4260 miserum
581 4204 719 4262 bominem
733 4204 767 4261 ad
786 4215 812 4261 te
829 4204 892 4261 dor·
942 4213 1008 4270 erqo
1040 4209 1113 4257 tacto
1140 4201 1278 4271 prophete
1304 4200 1405 4257 mortui
1431 4201 1583 4257 resurrexit
1605 4203 1653 4275 qui
1677 4214 1738 4258 erat

101 4312 162 4353 snrn
178 4304 321 4365 ponentem
347 4295 404 4364 ¹⁰⁷⁸,
428 4303 509 4366 teque
521 4296 557 4356 ¹in
580 4297 632 4351 tois
653 4296 797 4367 preceptis
815 4312 888 4368 sper·
943 4292 1076 4357 mortuus,
1091 4290 1176 4348 molto
1190 4291 1277 4359 masis
1296 4306 1346 4347 uos
1367 4291 1567 4360 reviviscimus,
1582 4292 1606 4349 si
1620 4291 1669 4350 tibi
1684 4309 1735 4349 oo·

101 4396 222 4449 nentem,
242 4394 394 4457 eapropter
414 4401 462 4441 sua
479 4400 577 4458 magna
597 4395 708 4457 peccata
722 4387 757 4442 do
771 4397 817 4442 tua
834 4403 892 4444 ma·
944 4394 1003 4441 stro
1015 4384 1136 4443 Creatori
1151 4399 1200 4455 per
1217 4385 1289 4441 bona
1302 4398 1385 4455 opera
1392 4384 1542 4457 jungimur,
1556 4386 1601 4455 qui
1615 4400 1646 4443 os
1658 4387 1737 4442 virus

101 4495 154 4552 gna
178 4479 363 4536 misericordia
385 4479 585 4551 desperantem,
608 4490 636 4537 ot
660 4478 785 4552 quamvis
811 4480 892 4537 nimis
947 4473 1282 4545 etirumortalisspirltus
1293 4471 1421 4529 Miserere
1434 4488 1499 4543 erqo
1512 4475 1608 4544 nostri,
1621 4474 1737 4532 Creator

102 4574 242 4639 miserum,
267 4583 293 4628 et
321 4583 491 4644 peecatorem
521 4573 578 4642 ¹⁰⁸⁶,
609 4574 722 4644 respicis
750 4585 839 4629 tamen
865 4583 894 4630 et
946 4575 1051 4632 noster,
1074 4566 1196 4621 miserere
1218 4565 1304 4622 nostri
1326 4565 1469 4619 securnium
1493 4582 1616 4638 aaronem
1636 4567 1736 4622 misert-

101 4665 177 4720 vides
192 4680 207 4719 a
224 4673 250 4720 tc
264 4674 397 4730 creatum,
412 4672 441 4720 et
454 4666 519 4720 dunt
539 4665 567 4720 in
585 4666 637 4720 bac
649 4665 704 4720 vita
717 4666 821 4729 existit,
837 4665 892 4721 tuis
944 4659 1062 4714 cordiam
1077 4669 1161 4722 tuone,
1180 4666 1206 4711 st
1222 4656 1365 4711 securttlum
1378 4656 1574 4712 multitudinem
1589 4657 1736 4713 reiteratio·

101 4754 241 4811 beneflciis
259 4765 453 4811 sustentatum.
467 4755 597 4824 immitte,
611 4757 681 4814 bone
701 4756 748 4789 ¹⁰⁸¹
763 4758 843 4821 Deos,
863 4755 891 4809 in
944 4766 1007 4804 nuos
1028 4759 1135 4805 tuorum
1150 4747 1207 4802 dele
1228 4747 1393 4819 iniquitatem
1409 4757 1529 4803 nostram
1547 4747 1633 4821 (Paul.
1648 4765 1676 4817 a,
1696 4749 1735 4821 ὅ).

102 4844 222 4900 animam
237 4844 296 4915 ejus
309 4845 434 4901 timorem
447 4857 533 4915 tuum,
549 4857 577 4902 et
591 4846 669 4903 auser
680 4848 714 4903 de
734 4845 890 4905 cordesius
943 4848 973 4895 et
986 4839 1117 4895 resuscita
1139 4853 1190 4896 uos
1204 4838 1231 4894 in
1253 4839 1305 4893 buc
1328 4839 1454 4909 prasenti
1470 4841 1526 4896 vita
1549 4855 1565 4895 a
1588 4849 1677 4896 morte
1700 4842 1734 4894 ari

737 4957 854 5013 VbillAE
875 4953 1079 5012 sectiones.

138 5070 185 5103 ¹⁰⁷⁸
198 5068 274 5125 Unde
290 5070 353 5126 iecit
379 5072 472 5127 limum
488 5083 609 5128 nostrtnn
639 5089 688 5126 oss.
712 5071 780 5126 Vict.
805 5070 876 5125 unde
901 5081 952 5123 nos
973 5066 1039 5122 lecit
1064 5065 1154 5120 lonren
1175 5074 1295 5120 nostrum
1317 5080 1380 5119 mss.
1400 5065 1470 5119 unde
1493 5078 1542 5119 nos
1559 5062 1623 5117 lecit
1642 5061 1734 5143 lienum

101 5149 224 5197 nostrum
262 5139 421 5197 ¹⁰⁷⁸Totam
441 5143 656 5197 misericordiam
673 5158 737 5196 mss.
759 5138 825 5194 liet.
843 5149 868 5194 et
891 5135 1007 5193 Vol-luc.
1036 5146 1137 5190 tamam
1164 5133 1377 5191 misericordiam
1417 5134 1464 5166 ”⁷⁸
1488 5133 1522 5188 Et
1549 5132 1736 5188 solunertrbus

101 5226 165 5266 mss.
185 5209 290 5266 dictet
308 5208 464 5269 Vol-lue.et
480 5212 669 5283 iniquitatibus
704 5211 751 5245 ¹⁶¹¹
764 5210 793 5266 Si
805 5210 896 5279 aliqua
910 5223 959 5263 rm.
980 5204 1045 5261 Vlct.
1058 5207 1081 5262 si
1092 5206 1211 5274 aliquam
1260 5204 1461 5260 ¹⁰⁷⁸0recorde
1473 5205 1735 5284 mseorectcorde

101 5280 150 5315 ¹⁰¹⁸
167 5279 337 5335 Promontem
359 5298 421 5336 mss.
450 5291 595 5353 ponentem
632 5282 680 5315 ¹⁰⁸·
702 5282 737 5338 Et
767 5275 1095 5352 persentientes.
1122 5284 1151 5331 ct
1171 5284 1327 5345 peccantem
1365 5274 1411 5306 ¹⁰⁸¹
1437 5272 1553 5327 immrtte
1577 5272 1646 5327 bone
1669 5288 1732 5326 mss.

98 5351 226 5417 immitte,
243 5351 436 5408 bominebone
472 5352 748 5422 ¹⁰⁸¹beteproptrera
760 5367 822 5405 nus.
839 5346 1142 5417 detecuinrpropheta
1179 5345 1225 5378 ⁸⁰⁸⁸
1241 5343 1325 5400 Terra
1345 5344 1413 5399 etin
1428 5343 1554 5398 omuibus
1569 5358 1633 5396 rom.
1651 5354 1733 5424 serra,

98 5419 330 5477 etiamarietio
346 5423 471 5478 omnibns
508 5423 555 5456 ¹⁰⁸⁸
565 5421 679 5504 Propter
692 5431 832 5493 peccatum
844 5436 894 5475 ms.
922 5415 990 5474 lice.
1006 5424 1205 5487 perpeccatum
1243 5414 1290 5448 ¹0⁸⁸
1304 5413 1500 5470 lienisiscimus
1534 5421 1642 5494 'strare
1662 5426 1734 5467 rest·

97 5491 237 5554 viscimus.
253 5501 352 5563 etpost
389 5493 435 5526 ¹⁰⁸⁰
450 5492 668 5550 Perseverabrlos
681 5510 743 5549 mss.
772 5496 979 5562 perseverantes
1014 5486 1060 5522 ron
1072 5486 1206 5559 Propheta
1221 5501 1283 5543 cnm
1303 5493 1426 5540 mortuus
1443 5499 1492 5539 ors.
1531 5495 1577 5538 rer.
1602 5482 1734 5557 propbeta

98 5571 130 5620 ut
141 5571 263 5621 mortuus
644 5597 648 5604 ·
1462 5614 1465 5620 .

303 5653 442 5716 runos.
464 5652 601 5718 cuttu.
1553 5646 1594 5712 2⁸
