3690 6008
156 197 210 256 sos
428 199 458 256 s.
479 196 632 257 naseam
652 194 829 255 cananae.
845 191 1008 253 sacuam.
1027 191 1104 252 ore.
1122 190 1214 250 rans
1232 189 1254 248 ι.
1273 221 1310 234 -
1322 188 1531 249 ιοειιιιιει.
1682 148 1686 153 ’
1744 188 1797 249 sss

155 324 198 370 ast
211 313 371 371 rationalem
382 327 453 370 esse.
468 313 541 370 litsc.
555 313 695 384 Angustiae
708 321 773 368 sunt
785 313 853 369 mibi
867 311 954 368 utrin-
967 309 991 369 Α
1003 323 1058 380 quo
1070 307 1138 365 nibil
1148 305 1278 365 efficiunt.
1294 305 1367 363 litsc.
1384 305 1469 363 Video
1478 321 1526 363 ees
1537 321 1593 362 non
1607 305 1711 364 bebere
1724 324 1798 365 cotn-

155 405 210 473 'ane
224 407 271 439 ”³⁸
286 422 293 461 :
310 421 370 461 nam
386 406 409 460 si
422 404 556 472 concedo,
574 404 712 461 cotrcludis
725 405 827 461 nullum
842 404 890 438 ⁸⁰⁸⁸
903 404 952 462 bo·
1002 416 1111 458 muraena
1127 399 1291 466 terminum,
1307 408 1335 454 ct
1356 399 1457 477 idcirco
1472 399 1539 454 nibil
1553 415 1586 455 ει
1600 399 1640 456 eis
1655 403 1800 472 consequi.

156 501 257 553 minem
273 513 332 553 esse
344 496 463 561 animal;
478 496 500 550 ει
514 509 616 562 renuo,
630 494 704 553 dices
717 509 762 552 rae
777 508 831 553 nun
847 503 952 552 lentum
1002 492 1073 550 lite.
1088 492 1210 550 Contere
1224 490 1341 549 eborum
1363 489 1558 562 syllogismum.
1573 489 1646 546 brec.
1664 488 1723 547 Non
1742 507 1797 562 yum

155 605 237 658 grosse
251 587 377 660 intelligi,
390 588 437 644 sed
448 603 512 643 uere
528 601 589 643 esse
601 588 660 644 sine
676 588 866 647 rationalitate.
880 589 951 645 llao.
1001 600 1070 658 opus
1088 594 1129 642 εει
1146 593 1177 640 ιιι
1195 600 1245 656 pro
1266 583 1325 655 ejus
1339 582 1496 639 ostensione
1514 582 1639 648 labores;
1665 598 1729 638 nam
1749 584 1796 639 ad-

155 679 196 734 Ne
217 679 326 746 timeas3
346 695 398 734 nott
413 680 484 734 enirn
502 680 626 751 sequitur
639 681 711 752 guod
727 689 816 753 putas.
832 681 904 739 litsc.
922 681 952 740 sl
1001 687 1080 734 terto
1101 677 1161 748 ejus
1179 677 1324 732 fallaciam.
1350 675 1396 732 Sic
1416 674 1488 730 enim
1514 673 1574 744 ejus
1595 675 1798 747 propositiones

155 769 196 823 sic
210 778 268 834 est,
282 779 311 824 ut
328 771 481 841 promittis,
496 779 663 841 spontancus
684 774 805 829 concedo
821 770 953 845 quidquid
1003 768 1203 839 intelligebam,
1219 782 1251 823 ac
1272 768 1296 823 si
1311 767 1449 823 diceretur
1463 765 1527 835 quia
1551 764 1640 820 nullus
1660 766 1743 822 luorum
1756 775 1798 823 est

155 861 321 930 proposuisti
337 881 343 915 :
360 863 400 917 sin
412 871 514 929 antem,
529 863 638 919 intuitus.
651 863 723 920 itae.
736 863 856 921 Contere
871 867 953 939 igitur
1002 863 1088 934 nangis
1105 860 1149 917 tel
1169 860 1258 916 atinus
1280 860 1378 926 borno,
1394 867 1422 915 ει
1435 857 1525 913 omnis
1542 858 1738 929 grantmaticus
1757 867 1799 915 εει

157 960 186 1006 tu
201 953 257 1022 ipse
271 962 389 1022 quattuor
406 952 514 1009 ultimas
533 956 732 1026 propositiones
752 972 822 1027 giras
839 956 907 1024 leci,
924 958 951 1015 in
1002 955 1090 1027 inagis
1101 952 1142 1010 vel
1159 954 1250 1010 minuis
1262 950 1457 1023 grammaticus
1473 967 1481 1005 :
1497 958 1525 1006 ει
1541 949 1727 1019 quonianrbae
1741 951 1798 1006 duee

157 1043 225 1098 duos
238 1044 419 1115 syllogismos.
435 1044 507 1102 Dtsc.
524 1045 582 1103 lloc
594 1048 689 1119 tulique
700 1046 747 1082 ⁸⁸⁸⁸
758 1050 853 1106 ordine
866 1050 951 1120 digeri
1003 1045 1201 1119 propositiones
1216 1043 1319 1100 nullum
1337 1042 1439 1099 babent
1455 1056 1625 1097 communem
1641 1041 1798 1108 terminum,

156 1144 292 1205 possunt:
311 1134 394 1191 Omne
413 1115 513 1190 animal
528 1136 608 1210 m
626 1146 709 1209 potest
726 1138 837 1210 intelligi
858 1152 953 1210 prater
1003 1140 1069 1195 nibil
1084 1137 1240 1194 coniiciont.
1258 1137 1328 1192 llam
1346 1135 1421 1190 ltaue
1438 1135 1486 1190 tibi
1504 1133 1610 1189 uidetur
1624 1134 1672 1166 ⁸⁰⁸·
1688 1134 1732 1190 luis
1747 1135 1798 1189 tuis

157 1228 379 1295 rationalitatem,
397 1228 485 1284 nullas
500 1246 558 1285 reso
571 1231 649 1287 bomo
661 1242 742 1301 polest
757 1232 868 1304 intelligi
883 1250 953 1304 prae·
1002 1229 1217 1289 connexionibus
1231 1228 1298 1283 nibil
1313 1226 1437 1284 concludi
1454 1238 1544 1297 posse.
1560 1225 1634 1282 Drsc.
1649 1224 1688 1280 lta
1705 1226 1799 1298 utique

157 1326 197 1371 ter
214 1318 429 1375 rationalitatem.
451 1319 518 1375 ltem
537 1336 544 1374 :
568 1318 682 1376 linitam
701 1308 801 1377 ommni
824 1322 952 1378 rationale
1001 1322 1146 1394 putabam
1169 1319 1216 1374 sed
1232 1318 1289 1374 haec
1308 1326 1353 1372 trra
1371 1316 1547 1388 interrogatio
1564 1329 1608 1369 me
1622 1312 1689 1370 lacit
1703 1329 1799 1386 suspe-

157 1419 194 1463 est
215 1425 248 1464 en
265 1411 433 1479 necessilate,·
453 1413 538 1468 omnis
553 1423 641 1468 nutem
659 1414 736 1469 bunio
754 1413 892 1469 rationulis
912 1397 952 1470 est
1003 1423 1091 1478 ctum,
1116 1427 1151 1469 ne
1165 1409 1237 1467 lorte
1256 1411 1283 1465 in
1302 1407 1355 1465 illis
1372 1407 1455 1464 lateat
1473 1407 1564 1479 aliqua
1584 1404 1706 1465 efficacia
1724 1423 1732 1461 ε
1752 1405 1799 1463 sed

157 1514 190 1552 ea
203 1498 368 1556 necessitate.
386 1499 553 1573 Exutrogue
567 1500 727 1558 bocordine
741 1502 866 1558 binarum
886 1519 951 1575 pro·
1003 1504 1138 1576 ottomudo
1164 1500 1283 1558 efficiunt
1311 1499 1372 1556 sine
1398 1500 1534 1556 communi
1565 1499 1703 1554 teratino?
1727 1498 1798 1556 ldae.

158 1589 324 1656 positionum
346 1591 451 1647 ridetur
473 1591 547 1649 nasei
572 1584 698 1648 :Nellos
720 1594 802 1666 igitur
819 1595 897 1650 bomo
913 1604 951 1652 est
1002 1593 1161 1653 Communis
1180 1592 1313 1649 terminus
1335 1590 1485 1663 syllogismi
1505 1605 1558 1647 non
1581 1599 1637 1644 tam
1660 1590 1687 1644 in
1710 1588 1800 1661 prola·

158 1682 276 1748 animab
290 1699 344 1754 guo
355 1684 422 1739 nibil
436 1685 540 1753 falsius,
556 1684 619 1742 licet
630 1685 814 1758 praecedentes
827 1690 951 1761 proposi·
968 1671 1077 1747 Btiotte
1095 1687 1154 1754 ⁸²3¹,
1175 1700 1257 1756 otram
1281 1685 1308 1740 in
1331 1685 1466 1742 sententia
1484 1686 1526 1739 εει
1547 1681 1701 1738 ltabendus.
1723 1681 1800 1738 Sicut

159 1769 249 1826 tiones
265 1771 382 1830 titulmre
400 1773 425 1828 in
442 1774 515 1831 nullo
529 1772 646 1832 rideam.
662 1779 727 1835 Dum
741 1793 875 1850 tuamque,
892 1795 952 1850 otum
1003 1780 1076 1838 enim
1093 1776 1163 1834 nibil
1176 1776 1300 1840 efficitur,
1320 1775 1342 1832 si
1357 1775 1509 1831 communis
1522 1774 1603 1829 estin
1621 1788 1689 1830 uoce
1703 1784 1734 1830 et
1746 1787 1799 1830 nun

159 1859 310 1932 subjectum
324 1865 469 1922 terminum
485 1867 602 1935 babent,
615 1866 754 1926 bominem
769 1871 827 1938 ⁸⁸⁸⁷,
840 1872 880 1928 sic
890 1878 954 1927 sunt
1003 1872 1030 1928 in
1041 1885 1124 1928 sensu
1136 1886 1144 1924 s
1157 1870 1194 1925 ita
1204 1866 1271 1924 nibil
1280 1868 1357 1924 obest
1366 1866 1425 1934 Μ’,
1436 1866 1458 1922 ιι
1468 1874 1511 1922 est
1519 1866 1546 1921 in
1559 1865 1696 1922 intellectu
1706 1874 1737 1921 ει
1746 1880 1799 1921 non

157 1969 208 2025 per
223 1970 252 2012 se
268 1965 354 2023 notre,
376 1967 406 2015 ιι
420 1959 600 2030 imprudentia
615 1962 653 2018 sit
674 1978 722 2020 eas
741 1963 867 2034 probare.
889 1965 953 2022 bun
1003 1963 1031 2020 in
1053 1959 1215 2034 prolatione.
1240 1958 1381 2017 Βειιειιιιε
1398 1958 1497 2030 quippe
1514 1957 1580 2030 ligat
1593 1957 1798 2030 syllogismum,

157 2058 238 2113 vero,
253 2061 313 2118 guae
328 2045 474 2117 subjiciunt
487 2049 602 2121 animal,
616 2053 656 2108 sic
670 2052 797 2110 uidentur
815 2055 951 2126 probatae,
1002 2052 1163 2112 nonrerbu.
1271 2071 1275 2079 ·
1414 2091 1416 2095 <

158 2143 190 2191 ut
208 2135 376 2208 impudentia
390 2138 437 2171 ”⁸⁸
456 2139 551 2198 sileas
565 2157 674 2215 negare.
691 2140 745 2200 Sed
759 2137 838 2202 rideo
855 2146 952 2203 borum
1315 2138 1429 2197 capnt*
1448 2137 1471 2192 l

159 2228 274 2287 duorum
294 2229 510 2303 syllogismorum
532 2235 728 2293 connexionem
742 2252 793 2310 per
810 2238 900 2295 omnia
915 2240 954 2296 ai·
1003 2257 1076 2327 gggg
1097 2271 1130 2313 gg
1147 2255 1280 2327 „garnie
1300 2253 1459 2326 syllogismis
1477 2250 1542 2324 effici
1560 2250 1676 2323 legitime
1693 2249 1798 2320 miset,

159 2319 251 2375 anilem
270 2321 324 2379 illis
342 2323 463 2390 dtuobus,
479 2341 548 2396 quos
567 2328 647 2397 paulo
665 2338 728 2387 anto
745 2332 855 2399 protuli.
878 2332 952 2402 Qus·
1230 2327 1258 2380 in
1275 2341 1365 2381 eorem
1382 2340 1434 2380 sno
1446 2324 1565 2378 docetur.

158 2418 272 2481 propter
285 2412 319 2468 ad
332 2413 400 2469 nibil
416 2413 490 2470 aliud
504 2417 629 2486 suspicor
642 2427 669 2475 ιε
683 2419 734 2477 bos
750 2422 886 2489 attulisse,
901 2423 953 2480 nisi
1041 2420 1114 2475 litsc.
1130 2419 1265 2489 Exspecto
1279 2425 1310 2471 ut
1322 2414 1419 2472 reddas
1432 2414 1556 2472 ellectum
1568 2412 1800 2485 propositionibus

159 2510 190 2556 ιιι
201 2516 262 2557 cunr
272 2517 366 2559 eorura
377 2504 576 2563 conclusionem
589 2518 682 2580 aperte
691 2510 787 2568 falsam
799 2528 951 2583 cernerem,
1004 2512 1083 2570 meis.
1101 2511 1173 2568 Mac.
1192 2508 1317 2565 lilliciuut
1330 2523 1394 2564 vere
1407 2507 1509 2578 aliquid
1523 2506 1581 2574 sess,
1595 2506 1643 2563 secl
1658 2519 1714 2562 neu
1727 2504 1799 2577 quud

159 2588 232 2647 idem
252 2593 286 2648 de
305 2591 438 2650 simllibus
463 2610 532 2667 quos
553 2612 605 2671 ego
622 2599 746 2657 -leceram
767 2603 952 2662 decernerem.
1004 2613 1148 2676 exspectas
1164 2601 1221 2658 ⁸⁸⁸⁸.
1239 2600 1462 2672 viscontonum
1480 2599 1611 2666 illudsit,
1630 2613 1685 2654 non
1705 2607 1800 2671 gratus

159 2679 232 2739 llus.
254 2679 301 2738 Sic
316 2689 367 2739 est.
384 2683 458 2744 lbsc.
479 2687 599 2748 Ostende
617 2707 683 2766 ergo
697 2694 725 2750 ia
739 2710 793 2767 quo
815 2707 843 2752 et
863 2697 908 2753 bic
927 2707 956 2755 ει
1005 2695 1119 2768 accipio.
1141 2694 1213 2751 lise.
1236 2693 1287 2763 Qui
1309 2694 1389 2760 dicit,
1411 2693 1496 2748 omnis
1515 2693 1593 2747 borno
1615 2701 1700 2764 potest
1723 2689 1800 2748 intel·

161 2772 199 2830 ibi
216 2783 290 2830 eante
304 2775 340 2832 sit
354 2776 498 2851 deceptio:
514 2792 543 2837 ut
556 2797 618 2839 cum
631 2794 659 2840 et
674 2800 744 2844 tetae
757 2788 955 2860 propositiones
1004 2788 1051 2861 ligi
1069 2786 1146 2844 laomo
1164 2786 1221 2842 sine
1236 2785 1425 2858 grammatice,
1445 2791 1483 2847 et,
1503 2782 1591 2838 nullus
1609 2783 1800 2856 grammatices

165 2871 352 2925 etsceundum
372 2881 497 2930 naltrram
518 2875 735 2949 syllogismorum
760 2896 889 2938 connexa
911 2882 953 2938 ui·
1004 2891 1088 2951 potest
1102 2878 1212 2949 intelligi
1224 2878 1411 2949 grammaticas
1423 2876 1480 2930 eine
1496 2876 1669 2947 grammatice
1684 2891 1693 2932 :
1710 2890 1800 2933 nonne

160 2960 287 3028 deantur,
302 2960 373 3018 nulla
387 2972 475 3021 tamea
487 2979 581 3023 eorum
594 2969 780 3029 conclusiones
792 2972 839 3005 ”⁸⁰
851 2972 953 3030 veritas
1006 2973 1058 3029 boc
1072 2971 1211 3045 signifieat
1224 2971 1286 3042 outa
1303 2985 1364 3026 esso
1381 2968 1500 3025 bominis
1514 2982 1568 3023 non
1586 2968 1690 3040 indiget
1707 2983 1800 3040 gnra-

160 3062 278 3111 ῑΰθδῑῑιῐ·
967 3045 1125 3128 Gnatiae,
1148 3069 1176 3120 et
1197 3076 1258 3119 esse
1281 3059 1452 3132 gramamtici
1477 3059 1579 3129 indiget
1600 3059 1801 3129 grammatica!

468 3149 583 3210 CAPUT
602 3152 648 3210 lv.
1005 3155 1079 3212 litso.
1095 3152 1166 3209 llibil
1184 3151 1285 3209 verius.
1301 3150 1372 3207 ttae.
1387 3150 1429 3207 lla
1444 3147 1544 3206 babeat
1557 3165 1731 3208 communem
1745 3161 1801 3208 ter-

617 3235 621 3241 *
861 3241 863 3243 ’
1005 3248 1108 3304 minum
1124 3247 1167 3302 bre
1180 3245 1241 3302 duae
1252 3243 1463 3316 propositiones,
1476 3259 1544 3315 quas
1556 3247 1636 3300 modo
1647 3243 1705 3300 disi
1717 3245 1802 3317 signi·

996 3339 1080 3396 -llcnri
1099 3338 1127 3394 in
1139 3337 1201 3393 aliis
1215 3336 1264 3370 ⁸⁸⁸⁸
1277 3337 1398 3393 duabus?
1417 3336 1491 3393 liasc.
1508 3334 1623 3392 liabent.
1642 3334 1714 3393 lise.
1729 3336 1803 3394 Cou-

1005 3429 1097 3485 sscitur
1110 3444 1177 3501 ergo
1190 3428 1253 3499 quia
1273 3442 1334 3484 esse
1352 3427 1523 3499 grammatici
1541 3441 1595 3483 non
1609 3436 1654 3483 est
1675 3440 1737 3483 esse
1752 3425 1801 3482 bo-

1004 3522 1108 3589 minis,
1130 3522 1156 3578 id
1178 3530 1221 3577 εει
1242 3534 1296 3576 non
1319 3535 1380 3576 esse
1400 3519 1524 3576 eanrdem
1546 3518 1733 3576 definitionem
1753 3514 1802 3552 ”⁸⁸

1004 3614 1157 3685 utriusque.
1173 3613 1248 3669 Dtsc.
1263 3611 1359 3669 Procul
1373 3611 1454 3667 dubio
1466 3611 1506 3667 sic
1520 3610 1598 3667 tideo
1612 3625 1674 3666 csse
1694 3619 1724 3666 ct
1737 3625 1801 3668 con·

1003 3704 1092 3775 sequi.
1108 3703 1178 3760 liae
1198 3702 1257 3759 lion
1272 3711 1362 3759 tamen
1377 3702 1439 3759 ideo
1452 3703 1626 3772 consequitur
1638 3702 1799 3775 grammati-

1004 3811 1065 3855 cum
1080 3812 1135 3854 noa
1149 3811 1211 3855 esse
1226 3795 1373 3861 bominem,
1389 3795 1459 3852 sicut
1474 3804 1500 3850 tu
1515 3794 1696 3867 intelligebas.
1709 3791 1800 3851 Sedsl
1836 3824 1839 3830 ·

1005 3889 1043 3946 ita
1056 3889 1203 3962 intelligas,
1216 3889 1404 3960 grammatices
1420 3904 1472 3942 non
1487 3897 1524 3942 eet
1539 3887 1628 3954 leomo,
1641 3887 1711 3943 acsi
1724 3886 1799 3941 dica·

1003 3993 1050 4040 tur
1066 3983 1129 4048 sesi,
1144 3982 1339 4053 grammaticus
1355 3996 1411 4039 non
1428 3990 1470 4037 est
1483 3979 1552 4036 idem
1571 3980 1643 4051 quod
1662 3980 1758 4046 bomo,
1772 3979 1800 4034 id

1003 4085 1046 4130 εει
1060 4090 1113 4131 non
1127 4074 1228 4130 babent
1245 4072 1368 4130 eamdem
1380 4071 1581 4137 definitionem
1604 4085 1670 4127 tera
1682 4080 1725 4127 εει
1735 4085 1800 4127 cort·

1003 4162 1099 4224 ειιιειο.

236 3283 335 3342 vitient
348 3287 560 3360 syllogismorum
572 3306 630 3364 cap.
647 3291 665 3346 Ω
678 3289 882 3366 propositorum.

197 3377 268 3435 liae
287 3380 316 3434 ln
331 3381 385 3435 tuis
399 3380 561 3452 syllogismis
575 3381 627 3439 boc
639 3382 750 3451 isuiam;
765 3401 849 3452 meos,
863 3387 886 3442 si
902 3401 952 3453 rus,

160 3482 211 3538 per
226 3477 252 3524 tc
266 3467 391 3527 discutio.
407 3469 482 3527 msc.
497 3470 559 3528 l'ist
573 3471 740 3544 toojudicto.
756 3475 826 3531 llic.
842 3475 953 3548 Repete,

160 3566 189 3611 ot
214 3567 329 3613 contexe
351 3558 522 3632 syllogismos
546 3576 614 3632 qnos
638 3561 737 3621 iecisti.
763 3566 836 3622 bisc.
861 3567 954 3625 (imnis

162 3651 240 3705 bomo
254 3661 338 3721 potest
349 3651 461 3725 intelligi
473 3653 531 3710 sine
544 3659 727 3726 grammatica.
744 3658 814 3716 bac.
829 3659 900 3728 Quid
913 3660 955 3716 dt-

159 3741 201 3798 cis
216 3741 354 3800 bominem
369 3743 483 3814 intelligi
505 3759 585 3816 posse
598 3747 657 3804 siae
669 3749 865 3818 grammatica!
879 3750 952 3808 bisc.

160 3833 313 3893 flaminem.
326 3834 397 3895 liae.
417 3838 466 3896 liic
477 3852 543 3912 ergo
565 3840 592 3895 ia
611 3841 668 3912 ipsa
684 3842 869 3914 propositione
881 3844 953 3915 quod

159 3926 298 4001 intelligis.
320 3927 394 3987 litsc.
415 3928 510 3988 Omnis
527 3931 609 3988 bomo
627 3942 717 4004 potest
737 3933 850 4007 intelligi
871 3936 954 3992 bomo

159 4021 219 4079 sine
243 4024 431 4095 grantrnsttm.
455 4020 527 4080 ιιιιι.
550 4022 678 4081 Concedo
702 4043 709 4080 ε
734 4039 852 4082 ιεειιιιιε.
878 4027 952 4087 lirsc.

158 4111 255 4170 llullus
277 4112 471 4185 grammaticus
490 4122 579 4186 potest
603 4114 715 4191 intelligi
738 4119 797 4176 sine
818 4135 955 4191 gramna-

159 4202 226 4260 ticu.
249 4202 320 4261 llio.
343 4204 414 4274 Quid
431 4208 486 4260 non
512 4213 601 4276 potest
623 4207 818 4277 grammaticus
840 4210 953 4284 mtetttgt
1309 4254 1425 4313 CAPUT
1444 4256 1478 4314 Ἥ

160 4295 221 4351 sine
237 4296 430 4368 grammatica?
444 4295 518 4354 litsc.
539 4295 750 4357 Grammaticos
768 4300 839 4357 liae.
858 4301 955 4360 Proles
1482 4297 1489 4312 '

159 4404 225 4462 ergo
239 4389 311 4461 qood
330 4387 468 4465 intelligis.
484 4390 556 4448 lltsc.
578 4390 674 4450 liullus
691 4395 884 4464 grammaticus
906 4409 954 4467 po·
968 4400 993 4463 [ι
1114 4394 1237 4450 ,literam
1251 4394 1383 4464 sophisma
1398 4391 1538 4447 ἀιιεειιιιιι
1551 4393 1682 4450 sedistis.

160 4488 216 4537 test
229 4479 349 4554 tmetttgt
370 4482 567 4552 grammaticus
590 4483 649 4541 sine
670 4487 858 4559 grammatica.
882 4487 954 4546 liro.
1043 4488 1117 4544 litsc.
1137 4485 1259 4557 intelligo
1274 4483 1348 4556 guod
1362 4483 1441 4540 dicis.
1458 4482 1529 4539 lito.
1547 4482 1575 4540 st
1594 4498 1661 4555 ergo
1677 4484 1747 4542 bene
1760 4483 1801 4542 ιιι-

159 4571 248 4644 lunge
263 4572 312 4629 bas
333 4575 400 4630 dues
417 4576 614 4646 propositiones
630 4578 666 4633 ita
687 4578 808 4651 integras
821 4580 892 4638 sicut
909 4596 958 4640 eos
1009 4580 1107 4652 tetltgts
1121 4576 1267 4648 obediri,
1289 4575 1332 4631 dic
1348 4575 1484 4645 qttomodo
1506 4584 1534 4629 tu
1552 4575 1715 4632 dissolveres
1729 4576 1802 4632 bunc

160 4663 242 4718 strodo
262 4664 410 4733 protulisti.
434 4664 508 4721 brsc.
530 4665 623 4722 Omnis
646 4672 724 4724 bomo
741 4678 824 4740 petest
844 4669 956 4743 intelligi
1007 4670 1208 4744 syllogismum,
1228 4667 1252 4723 ει
1266 4666 1329 4738 guis
1352 4667 1389 4722 its
1408 4667 1583 4723 contexeret!
1603 4666 1697 4723 θιιιιιιι
1711 4682 1801 4741 grem·

43 4768 47 4775 ’
160 4753 238 4809 ieme
259 4755 316 4811 eine
338 4757 530 4827 gremmetlea;
553 4757 644 4815 nattes
665 4762 852 4832 grammatices
871 4772 956 4833 potest
1006 4763 1118 4818 sentices
1133 4757 1269 4814 dieitarin
1284 4755 1393 4828 eoquod
1406 4755 1500 4829 geals:
1514 4750 1601 4812 nullus
1613 4757 1691 4812 bomo
1705 4758 1801 4813 dicitnr

160 4845 271 4920 intelligi
293 4848 482 4928 grammaticus
505 4852 562 4909 sine
584 4854 767 4924 grammatico.
790 4854 863 4912 lise.
888 4856 955 4915 tide
1007 4856 1035 4912 in
1056 4872 1086 4911 eo
1106 4853 1176 4925 guod
1194 4849 1287 4925 geeie,·
1308 4864 1371 4922 ergo
1390 4848 1480 4904 nullas
1502 4849 1580 4904 bomo
1601 4851 1800 4920 grammaticas.

158 4954 228 5012 ergo
247 4950 340 5000 unum
368 4943 486 5002 babeam
509 4956 681 5004 communem
703 4947 869 5018 immicum,
894 4949 955 5007 sine
1007 4949 1081 5006 litsc.
1100 4945 1166 5004 'lule
1185 4945 1252 5002 mibi
1269 4944 1322 5001 boc
1336 4943 1533 5010 videturesse,
1551 4942 1624 5000 acsi
1643 4942 1800 5001 diceretusr

810 5111 930 5170 labili
955 5108 1157 5171 nitentibus.

195 5237 604 5320 miililrlundigttemss.tttibi
619 5252 748 5323 utrinque
782 5252 981 5312 ⁸·“coactodts
998 5255 1100 5310 nullutn
1115 5271 1167 5310 me.
1184 5252 1252 5308 l'iel.
1267 5248 1286 5307 3
1301 5243 1437 5310 concludit
1454 5243 1557 5330 nullutn
1594 5245 1802 5316 ⁸⁸“Slcutimre

159 5330 224 5372 mas.
240 5317 291 5375 lior
302 5320 396 5392 ntitytte
406 5336 456 5376 ms.
474 5320 543 5376 Viet.
561 5320 596 5377 ts
611 5321 655 5378 bic
671 5326 766 5395 utigne
802 5323 848 5359 ¹⁰⁸¹
856 5322 1012 5398 Subiectum
1027 5327 1128 5382 babent
1141 5333 1247 5380 tantum
1262 5323 1398 5378 imminem
1413 5334 1477 5376 mss.
1489 5321 1640 5389 sabyeclarm
1656 5320 1801 5374 terminant

159 5384 263 5442 babent
277 5391 413 5446 bominem
452 5387 501 5424 ”⁸⁸
514 5392 645 5448 Videntur
654 5395 785 5464 probare,
801 5407 832 5452 ιιι
845 5397 1027 5467 imprudentia
1038 5413 1101 5452 ntes.
1111 5397 1236 5453 ridentur
1250 5393 1384 5464 probata,
1397 5400 1427 5446 ut
1440 5391 1612 5460 impatientis
1642 5388 1690 5424 ’⁹⁸’
1701 5387 1802 5443 Eorum

160 5456 343 5517 conclttalone.
356 5479 406 5518 eres.
421 5474 515 5518 eorum
530 5462 717 5520 correlationes
754 5466 847 5522 ”etta
864 5482 974 5523 necesse
987 5466 1167 5522 videturesse.
1182 5465 1256 5521 itane
1267 5464 1315 5519 tibi
1331 5464 1438 5518 vincor
1473 5460 1554 5517 ”⁸¹ln
1565 5460 1802 5532 probationemss.

161 5525 190 5580 ln
214 5529 365 5597 prolatione
401 5532 449 5567 aas·
464 5533 520 5588 lice
533 5535 612 5589 obest
624 5549 689 5590 mss.
703 5536 769 5591 nibil
784 5538 860 5593 obcst
896 5536 945 5572 ”⁸⁸
964 5536 1035 5595 lere
1067 5537 1113 5594 nid
1128 5554 1191 5593 mss.
1206 5548 1272 5590 rere
1286 5532 1386 5604 altautd
1422 5532 1612 5604 '’“llspccttte
1632 5546 1696 5585 ttttt·
1714 5541 1802 5595 0¹⁰0·

161 5602 231 5676 ctas.
245 5596 325 5654 bisce
354 5601 401 5636 ”⁸⁸
428 5602 489 5658 bini
505 5604 532 5658 in
548 5603 608 5660 aliis
622 5621 685 5661 ense.
700 5606 755 5661 dixi
770 5608 917 5679 significari
933 5609 959 5664 in
973 5609 1025 5666 illis
1040 5552 1100 5666 ιΊιιε
1127 5605 1305 5682 sementen
1320 5603 1491 5662 delinitiones
1504 5618 1567 5658 mss.
1585 5602 1709 5660 eamdem
1736 5597 1800 5656 dcli·

163 5674 293 5722 utttonem
330 5670 376 5704 *Μ
385 5671 414 5729 ld
426 5683 468 5730 est
477 5676 541 5730 acsi
564 5674 670 5732 dicatur
693 5693 756 5734 mss.
780 5693 813 5735 ac
836 5679 860 5736 si
884 5681 991 5737 dicatur
