3690 6008
167 248 216 305 851

342 248 372 306 S.
390 249 539 306 insuunt
559 249 733 307 CANTUAR.
752 249 912 308 tdcbttte.
933 251 1008 309 OPP.
1038 251 1127 307 PARS
1145 250 1229 322 ti„-
1245 249 1427 307 clamitat.
1448 249 1492 305 ET
1510 248 1632 306 ASCET.

1749 248 1805 304 ets

167 364 284 420 sublime
298 360 384 419 altare
398 374 473 417 tnurn
493 362 520 416 in
534 372 680 432 conspectu
695 362 792 417 divine
805 365 1060 434 majestatisdoon
1086 356 1257 419 sanctulo
1280 377 1310 418 cs
1334 361 1405 417 enim
1434 377 1514 432 qrrem
1541 360 1614 416 lieris
1638 360 1804 418 Paterante

168 466 237 523 tuam
257 454 302 509 ubi
323 465 365 509 cst
379 452 450 523 iugis
476 453 546 517 laus,
561 452 607 507 ubi
628 453 698 508 beati
724 455 770 525 qui
792 455 916 511 babitant
929 457 957 511 io

168 549 249 604 domo
265 557 321 610 tna,
344 545 466 609 Domine,
480 544 506 599 in
521 543 619 600 sarcula
635 545 794 601 saeculorum
810 546 959 603 laudabunt

167 648 207 704 te,
221 640 254 693 ad
267 651 382 706 quornm
394 639 561 692 consortium
576 653 625 692 nos
636 636 717 692 iaciat
727 637 868 708 pervenire
880 637 959 693 Cirris·

167 739 226 787 stus
237 726 316 786 lesus
329 729 413 784 Filius
429 738 491 784 inus
504 729 635 784 Dominus
647 738 747 795 noster,
761 730 806 800 qni
818 739 861 784 est
876 742 958 799 super

166 821 259 882 omnia
273 821 344 876 Dens
360 821 518 876 benedictus
529 821 555 874 in
571 821 680 876 securta.

202 913 247 968 ib.
260 914 379 983 lienique
393 913 454 984 guia
471 921 506 981 te,
528 913 651 980 bomine,
667 912 851 982 iaciente,t1ui
866 913 958 968 omnia

166 1007 237 1061 benc
251 1006 328 1070 lacis,
345 1007 550 1062 invenitserrns
564 1015 626 1061 tuns
643 1014 672 1060 ut
688 1014 781 1061 oraret
795 1014 821 1060 te
833 1005 958 1060 oratione

167 1096 230 1160 bac,
246 1097 306 1152 inde
322 1099 358 1152 sit
382 1096 466 1165 gloria
482 1097 554 1152 Patri
573 1097 702 1168 ingenito,
716 1096 788 1152 tucn
809 1096 892 1154 lutnri
907 1112 958 1152 sce·

166 1188 230 1253 crrli,
243 1180 319 1243 Patri
333 1204 493 1260 pauperum,
509 1188 583 1244 Patri
599 1190 796 1260 orplranorum,
818 1189 892 1244 Patri
907 1189 959 1243 ml·

168 1279 387 1335 scricordiarnnr.
399 1280 473 1336 l‘atri
485 1281 638 1351 spirituum,
647 1279 869 1344 Patriluminum,
881 1279 956 1335 Patri

164 1374 249 1439 insto,
263 1371 338 1426 Patri
354 1380 460 1438 sancto,
475 1372 521 1441 qrri
536 1373 647 1443 proprio
663 1371 731 1427 Filio
750 1387 803 1426 non
824 1371 956 1441 pepercit,

165 1462 214 1516 sed
233 1476 283 1532 pro
303 1464 382 1520 nobis
395 1464 523 1520 omnibus
542 1465 654 1519 tradidit
674 1465 757 1519 illurn.
785 1464 836 1520 llio
850 1479 914 1519 rere
930 1472 958 1519 ct

165 1551 240 1607 solus
267 1561 310 1608 est
340 1553 421 1608 Pater
447 1563 540 1610 noster
558 1569 599 1609 :a
625 1554 724 1610 seculo
747 1570 845 1609 nornen
866 1569 956 1608 suurn.

165 1645 282 1700 Attende
293 1659 376 1717 ergo,
397 1645 480 1701 Pater
492 1656 520 1702 et
537 1647 656 1711 domine,
672 1648 783 1702 attende
798 1647 832 1702 de
846 1647 916 1702 emlo
929 1655 957 1701 et

167 1736 325 1792 babitaculo
343 1749 439 1794 sancto
466 1746 522 1802 tuo,
549 1748 577 1793 et
603 1739 636 1794 de
660 1739 729 1795 solio
748 1739 839 1810 glorie
854 1749 915 1802 tuae,
929 1747 957 1794 et

165 1825 237 1890 ride,
254 1835 282 1881 ct
297 1827 376 1883 visita
393 1829 498 1884 vineam
510 1831 607 1884 animas
623 1845 699 1895 mear,
719 1831 764 1901 nuri
783 1829 810 1884 in
822 1831 957 1900 baptismo

165 1919 317 1990 plasmasti.
336 1919 385 1976 libi
403 1927 456 1986 est,
472 1920 594 1987 bomine,
607 1920 681 1977 zelus
696 1929 769 1982 tuus,
781 1929 811 1976 et
825 1920 956 1975 lortitndo

165 2027 237 2079 mea,
257 2013 303 2086 qul
325 2027 370 2070 me
394 2028 446 2069 non
467 2015 610 2070 retralnrat
627 2013 760 2070 violenter
779 2023 807 2070 et
821 2015 956 2084 {unitusa

164 2103 299 2172 peccatol·
326 2103 384 2159 llcu
408 2104 485 2167 mibi,
514 2104 637 2169 bomine,
660 2103 804 2158 rnrrltitudo
820 2104 955 2159 uiscerum

164 2206 273 2252 tuorum
288 2196 481 2252 continuerunt
507 2211 590 2266 snper
613 2211 666 2251 me.
691 2195 783 2264 Quare
797 2211 841 2251 mc
861 2211 957 2252 errare

163 2283 253 2340 fecisti
267 2285 300 2341 de
322 2286 374 2341 riis
396 2286 462 2352 tuis,
477 2286 609 2342 indurasti
631 2302 781 2343 cormeum
799 2302 834 2343 nc
847 2288 956 2343 timeret

163 2377 210 2434 tei
233 2377 267 2432 Et
287 2393 369 2445 nunc,
387 2379 513 2446 bomine,
537 2380 618 2435 Pater
631 2388 726 2433 noster
738 2392 782 2445 cs;
795 2393 889 2434 omncs
906 2393 956 2434 nos

163 2470 250 2527 lutum
266 2489 273 2527 :
289 2472 479 2530 iactornoster
490 2488 530 2539 es,
543 2482 571 2528 et
583 2488 665 2545 opera
682 2490 810 2529 manuum
834 2483 955 2539 tuarum,

164 2559 248 2628 ilcns,
264 2575 360 2618 ornnes
371 2577 430 2618 nos.
446 2562 487 2618 lle
499 2563 637 2630 irascaris,
651 2562 775 2633 llontine,
790 2565 867 2629 satis,
883 2573 910 2620 et
921 2580 955 2622 nc

163 2650 237 2705 ultra
264 2651 421 2707 memineris
443 2652 614 2722 iniquitatum
636 2668 769 2709 mearum.
789 2654 858 2711 Ecce
882 2655 955 2711 enirn

162 2741 256 2796 omnia
288 2741 476 2798 desiderabilia
509 2757 568 2798 mea
592 2757 672 2799 versa
701 2752 765 2799 sunt
793 2744 820 2798 in
849 2744 952 2800 ruinas.

1010 455 1150 511 lucilerum
1172 457 1198 510 in
1210 455 1287 511 coelis
1301 456 1394 527 gennit
1409 455 1595 547 Unigenitum,
1608 462 1636 509 ct
1653 455 1733 509 bcata
1751 454 1804 508 ila·

1010 549 1051 602 ria
1067 547 1151 617 Virgo
1167 546 1229 601 ielis
1241 546 1328 601 bluter
1342 555 1385 600 tna
1410 547 1437 601 in
1454 544 1650 615 terrispcperit
1665 545 1804 615 primoge-

1009 642 1108 705 nitum,
1134 650 1194 710 post
1208 637 1420 709 guenrnnllnnr.
1440 638 1468 692 ln
1481 636 1557 705 crrjns
1573 636 1716 690 nativitate
1731 634 1803 691 lactu

1009 740 1051 785 est
1075 728 1219 785 multitudo
1240 729 1359 785 coelestis
1377 728 1516 784 exercitus
1534 726 1705 781 larnlantium
1721 739 1750 781 ct
1762 727 1803 782 di·

1009 823 1128 878 centium
1143 840 1150 876 :
1167 821 1223 877 lico
1235 821 1320 893 gloria
1333 822 1359 875 in
1375 820 1501 876 excelsis.
1518 819 1551 873 Ει
1563 819 1679 887 Spiritui
1694 829 1803 884 sancto,

1009 931 1063 969 non
1089 913 1171 980 lacto,
1196 928 1249 969 non
1271 921 1374 976 creato,
1396 928 1449 966 non
1462 912 1563 981 genito,
1583 911 1630 965 sed
1648 925 1663 964 a
1683 908 1803 964 Patreet
1823 914 1839 955 t

1010 1000 1080 1062 titio
1094 1005 1261 1077 procedenti,
1290 1005 1337 1075 qui
1359 1003 1497 1060 lcrcbatur
1519 1002 1544 1056 in
1564 1002 1701 1072 principio
1723 1016 1804 1071 super

1009 1111 1113 1167 aqrras:
1130 1096 1176 1167 qui
1197 1104 1239 1152 cst
1264 1095 1336 1152 licus
1359 1094 1504 1166 spirituum
1530 1092 1619 1147 omnis
1644 1101 1802 1147 creatura:

1008 1191 1053 1260 (μή
1083 1190 1188 1246 locutus
1213 1197 1256 1245 est
1284 1202 1333 1259 pcr
1364 1186 1508 1258 propbetas
1525 1204 1533 1238 ι
1550 1187 1596 1254 nui
1619 1195 1663 1240 est
1690 1185 1803 1255 spiritus

1008 1283 1158 1351 sapientie,
1176 1279 1359 1350 intelligentie
1370 1276 1509 1340 cisalutis,
1521 1276 1567 1346 qni
1581 1274 1695 1345 replerit
1708 1275 1802 1330 orbern

1010 1381 1142 1427 terrarum
1162 1372 1298 1441 :quinos
1321 1370 1386 1425 lacit
1407 1368 1552 1438 gemitibus
1573 1367 1802 1422 inenarrabilibus

1009 1464 1165 1532 postulare:
1181 1463 1227 1534 qni
1249 1461 1395 1533 discipulos
1415 1461 1460 1516 bei
1474 1468 1501 1515 ct
1515 1458 1620 1514 [tornini
1637 1458 1725 1514 nostri
1740 1456 1801 1513 Jcsn

1008 1554 1108 1611 Cirristi
1121 1571 1151 1611 se
1166 1555 1224 1625 ipso
1239 1553 1362 1623 replerit,
1379 1553 1447 1607 etin
1463 1550 1561 1622 linguis
1575 1550 1664 1620 igneis
1677 1549 1802 1619 apparuit

1009 1663 1091 1718 snper
1102 1662 1160 1704 eos.
1176 1645 1330 1715 OSpiritus
1347 1653 1442 1699 sancte
1458 1643 1538 1708 licus,
1554 1641 1599 1712 qm
1616 1656 1648 1697 cs
1664 1641 1736 1713 iguis
1749 1655 1802 1695 non

975 1705 1169 1796 Bconsumens
1193 1739 1242 1794 sed
1268 1737 1370 1802 lucens,
1394 1749 1447 1791 nnn
1463 1735 1627 1790 comburens
1642 1733 1692 1788 scd
1707 1748 1800 1800 urens,

1007 1849 1056 1888 ure
1070 1846 1148 1888 renes
1161 1846 1237 1886 rneos
1258 1838 1286 1884 et
1307 1843 1355 1885 cor
1371 1843 1471 1892 rnenrn,
1488 1835 1518 1881 ut
1535 1824 1582 1880 tibi
1597 1835 1676 1880 casto
1688 1838 1801 1894 corpore

1007 1927 1135 1990 serviam,
1158 1932 1186 1978 ct
1206 1923 1328 1993 placeam
1348 1920 1447 1974 mundo
1462 1915 1593 1974 corde.0
1613 1917 1684 1987 ignis
1700 1916 1803 1982 divine,

1007 2018 1052 2088 rprri
1070 2032 1147 2072 amor
1160 2030 1190 2071 cs
1204 2013 1333 2075 alliciens,
1355 2020 1383 2064 et
1400 2010 1481 2065 ardor
1495 2007 1665 2072 indeficiens,
1681 2005 1802 2063 ebaritas

1008 2111 1079 2166 bens
1096 2122 1183 2173 nreus,
1199 2105 1316 2162 accende
1339 2117 1392 2159 nie.
1414 2101 1481 2166 Quis
1503 2099 1569 2154 mibi
1595 2099 1643 2153 det
1658 2108 1688 2153 ut
1710 2097 1802 2153 rerrias

1007 2202 1034 2258 ln
1050 2214 1212 2264 cormeum,
1226 2204 1254 2254 ct
1267 2196 1385 2251 inebries
1399 2193 1475 2256 illud,
1485 2200 1512 2246 ct
1522 2188 1697 2246 oblisiscaris
1712 2189 1801 2245 omnia

1007 2291 1077 2348 mala
1102 2305 1172 2356 mea,
1195 2298 1223 2344 et
1243 2287 1392 2358 amplectar
1406 2300 1489 2341 unum
1503 2291 1532 2338 et
1546 2296 1684 2338 srunmnm
1702 2281 1799 2335 bonnm

1006 2398 1105 2442 meum,
1118 2382 1189 2452 quod
1204 2388 1231 2434 tu
1242 2377 1364 2440 eslllilri,
1378 2376 1499 2440 bomine,
1510 2374 1652 2437 miserere,
1664 2379 1698 2427 ut
1708 2370 1801 2442 loquar

1005 2490 1068 2531 cnm
1082 2474 1137 2529 sim
1148 2471 1236 2543 pulvis
1248 2478 1275 2526 et
1288 2470 1367 2525 cinis.
1380 2467 1446 2534 Quis
1462 2467 1509 2522 tibi
1525 2481 1585 2520 sum
1598 2480 1663 2535 ego,
1678 2462 1799 2519 ntarnari

1006 2582 1022 2622 a
1044 2580 1089 2621 me
1104 2572 1130 2620 te
1145 2562 1259 2633 jubeus;
1278 2570 1305 2616 ct
1328 2560 1380 2616 nisi
1404 2558 1514 2623 luciam,
1535 2556 1666 2612 irascaris
1682 2554 1750 2610 mibi
1774 2563 1800 2610 ct

1006 2656 1119 2717 mineris
1140 2655 1260 2726 ingentes
1286 2651 1426 2708 miserias?
1451 2650 1575 2705 Parranc
1607 2655 1651 2703 est
1690 2645 1798 2702 miserit

1006 2765 1079 2816 mea,
1091 2750 1114 2805 si
1129 2765 1181 2804 non
1193 2762 1280 2803 amem
1294 2747 1340 2804 tei
1354 2746 1376 2802 0
1391 2760 1469 2801 arnor
1479 2743 1597 2814 Spiritus
1608 2751 1706 2798 sancte
1720 2742 1798 2808 bens,

164 2833 300 2904 Numquid
316 2848 397 2904 ⁵⁰90?
407 2835 440 2890 ¹5⁸
453 2835 606 2891 θθῐῐῑῑίιθῧῑθ
616 2843 652 2902 Ιθι
664 2835 786 2899 ὓθῐῐῑῑῐῑθι
803 2835 914 2903 limbis,
928 2844 957 2891 θῑ
998 2845 1142 2916 promittis
1153 2844 1219 2899 milri
1231 2841 1312 2897 multa
1327 2842 1408 2907 bona,
1422 2841 1444 2896 si
1458 2855 1546 2894 amem
1559 2848 1602 2893 tc:
1617 2839 1651 2891 da
1666 2838 1797 2903 tesolnm,

164 2923 267 2996 affliges
278 2938 322 2980 me
333 2926 528 2982 veliementer?
539 2925 629 2991 Pater,
645 2925 754 2995 peccari
773 2925 800 2979 in
815 2924 914 2982 coelurn
927 2933 955 2981 et

1006 2932 1051 3002 oiri
1065 2947 1143 2988 arnor
1156 2947 1195 2998 es,
1211 2941 1240 2987 et
1253 2931 1352 2986 sullicit
1365 2929 1430 2985 milri
1445 2943 1453 2983 ι
1470 2929 1502 2983 da
1516 2927 1688 2998 quodanes,
1702 2925 1799 2995 etjubc

163 3032 258 3074 coram
270 3026 306 3085 te,
316 3016 373 3088 jam
389 3035 442 3075 non
464 3033 523 3074 sum
547 3019 645 3090 dignus
664 3019 756 3074 rocari
776 3018 849 3072 lilios
867 3027 929 3073 tuus
945 3035 952 3071 r
968 3044 991 3108 G
1006 3029 1078 3094 quon
1096 3025 1149 3090 vis,
1171 3038 1266 3078 amore
1287 3023 1386 3078 amoris
1402 3022 1451 3076 tui.
1469 3021 1532 3075 llaec
1555 3030 1647 3091 pctoa
1664 3021 1797 3089 te,qnies

163 3111 212 3166 sed
225 3119 336 3181 propter
354 3121 427 3168 tuarn
446 3109 608 3166 inedibilem
621 3112 760 3179 pietatem,
773 3108 815 3164 lac
830 3123 872 3163 me
885 3110 955 3164 sicut
1007 3115 1126 3187 spiritns
1140 3131 1221 3187 snper
1244 3115 1297 3170 mei
1319 3113 1415 3169 dulcis.
1437 3113 1497 3168 Tibi
1516 3128 1581 3180 ergo
1600 3112 1676 3167 Patri
1692 3123 1720 3167 ct
1733 3112 1797 3167 Filio

161 3215 247 3256 linum
262 3200 296 3256 de
315 3201 492 3257 mercenariis
517 3201 581 3257 litis.
605 3199 688 3270 Cttjits
707 3200 745 3255 t'ei
765 3200 853 3271 gralia
875 3198 955 3255 sseclt)
1005 3217 1034 3263 et
1054 3206 1165 3278 Spiritui
1183 3212 1289 3270 sancto,
1315 3206 1387 3260 trino
1407 3214 1435 3259 et
1453 3220 1506 3260 uno
1526 3204 1590 3269 Deo,
1614 3204 1798 3276 nragnp‚1rni.

162 3307 250 3375 genua
266 3306 326 3347 mea
340 3292 373 3347 ad
388 3301 414 3348 te
426 3291 533 3348 Patrem
548 3293 654 3348 Domini
667 3293 752 3347 nostri
762 3292 825 3347 Jesu
840 3291 953 3356 Christi,

73 3403 76 3407 ’
162 3400 178 3438 a
193 3399 247 3454 quo
260 3385 286 3438 in
300 3383 368 3440 coelo
379 3393 406 3439 et
425 3385 452 3438 in
472 3394 545 3440 terra
560 3384 650 3437 omnis
663 3383 814 3452 paternitas
828 3381 954 3436 nentina-

161 3486 219 3541 tur,
233 3485 263 3530 ut
277 3476 325 3530 des
344 3476 410 3530 milri
428 3475 575 3530 secundum
598 3475 708 3530 diritius
721 3473 813 3545 rtortae
824 3482 876 3528 tue
887 3488 953 3529 con.

161 3567 303 3631 stantiam,
334 3575 362 3621 et
386 3566 513 3620 virtutem
538 3567 710 3621 corroborari
739 3581 788 3636 per
819 3565 952 3635 Spiritum

161 3665 286 3713 sanctum
306 3663 381 3711 tunm
407 3656 434 3711 in
455 3655 585 3713 interiore
610 3656 731 3723 bombis,
759 3665 787 3712 et
813 3656 952 3713 Christum

160 3750 286 3806 balritarc
300 3749 327 3804 ia
346 3748 428 3804 corde
441 3763 501 3804 meo
520 3764 570 3819 per
588 3749 680 3814 tidem,
696 3764 756 3819 nuce
769 3763 818 3820 per
829 3748 952 3804 dilectio·

160 3855 223 3896 nem
240 3839 287 3893 tibi
302 3837 470 3908 beneplacita
478 3849 614 3910 operetur.
630 3840 690 3895 Tibi
702 3851 793 3895 autom
805 3838 890 3907 Patri,
905 3839 951 3910 qui

159 3938 257 4002 potens
270 3944 299 3986 es
309 3931 402 3985 urania
415 3930 493 3986 nobis
504 3928 597 3985 lucere
614 3930 786 3986 abundanter
796 3929 857 3999 plus
867 3944 951 3999 quam

160 4013 287 4093 petimus,
304 4032 331 4077 et
346 4021 416 4092 quod
432 4021 493 4092 plus
510 4021 703 4091 intelligamus,
718 4036 799 4090 guam
815 4030 950 4092 petamus,

1004 3313 1093 3362 uerso,
1109 3308 1221 3362 aeterno,
1246 3296 1511 3366 omnipotentissimo
1526 3307 1552 3350 et
1565 3295 1686 3359 excelso,
1708 3296 1743 3350 sit
1763 3296 1796 3349 dc

1005 3399 1059 3447 tota
1074 3392 1198 3448 oratione
1208 3393 1263 3455 ¹bac
1278 3392 1363 3460 gloria
1382 3400 1410 3446 et
1426 3390 1562 3461 jubilatio,
1578 3389 1638 3445 laus
1655 3399 1684 3445 et
1698 3390 1796 3460 gratia·

1004 3496 1064 3536 rum
1078 3483 1160 3546 actio,
1177 3482 1265 3537 bonor
1282 3490 1310 3536 et
1324 3481 1467 3549 imperium
1484 3480 1707 3550 sempiternum:
1729 3479 1797 3533 sient

1003 3580 1063 3626 erat
1081 3572 1108 3626 in
1121 3571 1265 3642 principio,
1281 3571 1336 3626 irno
1358 3579 1421 3625 ante
1446 3569 1623 3639 principium,
1636 3567 1703 3638 quia
1724 3569 1796 3638 prius

1002 3677 1083 3732 grtam
1097 3671 1202 3719 montes
1214 3664 1320 3727 tierent,
1330 3673 1377 3717 aut
1389 3660 1573 3717 formarentur
1585 3670 1659 3716 terra
1674 3669 1702 3717 ct
1712 3661 1794 3725 orbis,

1002 3768 1017 3808 a
1034 3754 1132 3829 saeculo
1149 3762 1177 3812 ct
1192 3755 1220 3809 in
1236 3753 1363 3809 saeculum
1379 3761 1407 3806 ιιι
1424 3766 1454 3806 cs
1469 3752 1539 3806 bens
1554 3751 1793 3821 superlaudabilis,

1002 3854 1030 3902 et
1043 3846 1257 3916 supergloriosus
1266 3845 1292 3899 in
1301 3844 1427 3900 ornnibns
1442 3843 1568 3909 seculis:
1584 3852 1613 3898 et
1628 3844 1795 3898 nuncetiam

1002 3935 1028 3990 in
1044 3936 1169 4005 prccserni
1182 3934 1346 3989 rlarillcatus
1359 3950 1389 3989 es
1401 3933 1427 3987 in
1442 3933 1530 3996 nobis,
1546 3932 1592 4002 quii
1606 3947 1718 4000 semper
1732 3933 1757 3986 in
1770 3939 1794 3985 te

1001 4030 1093 4084 clarus
1113 4041 1144 4083 es
1156 4026 1291 4093 claritate,
1304 4038 1395 4094 quanr
1405 4024 1522 4081 lrabnisri
1538 4033 1603 4079 ante
1618 4038 1702 4093 quam
1717 4039 1793 4078 mun·

159 4113 349 4185 intelligimus,
363 4111 399 4167 sit
410 4110 497 4182 gloria
512 4111 538 4165 itt
553 4111 673 4178 Chrislb
685 4122 713 4168 ⁰¹
727 4112 754 4167 5¹¹
775 4111 908 4178 Ecclesia,
922 4121 952 4169 et
1001 4120 1052 4176 dns
1068 4119 1146 4174 lieret
1164 4120 1234 4188 apud
1249 4127 1285 4174 te.
1303 4118 1336 4172 Et
1359 4134 1393 4173 ex
1409 4118 1453 4172 illa
1468 4117 1605 4180 claritate,
1620 4133 1686 4187 qrroe
1707 4118 1734 4173 in
1753 4132 1793 4172 me

158 4207 187 4261 in
203 4220 299 4262 omnes
325 4204 513 4274 generationes
527 4205 617 4262 saeculi
641 4205 809 4262 saeculorum.
824 4207 858 4263 Et
880 4207 950 4264 Filio
1000 4229 1049 4284 per
1060 4213 1151 4278 iidem,
1168 4213 1216 4267 tibi
1241 4212 1277 4267 sit
1299 4211 1362 4266 inde
1375 4210 1484 4282 gloria:
1507 4220 1536 4266 ct
1557 4210 1585 4264 in
1600 4210 1653 4265 boc
1669 4209 1793 4278 presenti

158 4310 206 4357 tuo
218 4301 365 4372 unigenito,
382 4301 459 4371 cujus
472 4301 586 4372 gloriam
604 4302 734 4369 vidimus,
746 4304 860 4375 gloriam
870 4308 948 4377 quasi
999 4321 1072 4361 nunc
1086 4306 1167 4375 cupio
1181 4304 1258 4374 sequi
1272 4313 1296 4360 te
1312 4305 1337 4358 in
1353 4303 1500 4359 totocorde
1514 4310 1542 4358 et
1558 4303 1669 4368 timore,
1681 4312 1709 4358 et
1722 4318 1793 4371 gira·

158 4391 297 4466 lirrigeniti
317 4406 332 4448 a
350 4393 441 4450 Patre.
457 4394 567 4451 Etcum
587 4395 672 4451 Deum
688 4396 787 4452 viderit
802 4413 883 4454 ncmo
896 4416 947 4456 un·
964 4408 988 4464 1)
1002 4414 1062 4453 rere
1087 4397 1183 4453 taciem
1205 4407 1289 4452 taam.
1314 4395 1354 4452 lle
1371 4395 1523 4452 confundas
1543 4410 1587 4450 me
1601 4395 1636 4450 ab
1650 4405 1791 4465 exspecta·

159 4502 251 4559 qrrani,
267 4488 326 4558 ipse
344 4495 434 4544 tamen
455 4489 523 4544 vidit
537 4504 597 4545 enm
613 4490 769 4560 unigenitus
784 4490 880 4564 Filius,
902 4494 949 4564 qui
1002 4489 1075 4544 tione
1093 4503 1163 4554 mca,
1185 4489 1232 4544 sed
1250 4488 1294 4544 lac
1317 4503 1423 4544 mecum
1440 4488 1588 4544 secundum
1605 4487 1792 4543 mansuetndi-

158 4586 200 4631 cst
216 4577 243 4631 in
266 4577 326 4632 sinu
345 4577 445 4633 Patris.
468 4578 496 4632 ln
512 4593 592 4649 quern
606 4593 655 4651 ego
671 4595 704 4637 ex
724 4588 780 4636 toto
795 4582 876 4638 corde
888 4597 949 4639 rneo

159 4666 276 4723 tirmiter
289 4669 371 4723 credo
386 4685 395 4722 ε
413 4677 441 4723 et
465 4670 625 4741 simpliciter
646 4672 789 4741 confiteor,
814 4675 885 4746 qrrod
901 4675 948 4745 oiri

156 4774 213 4815 non
230 4758 316 4813 crodit
330 4758 357 4812 in
373 4775 446 4825 cum,
461 4761 516 4828 iarn
527 4761 664 4831 jiulicatns
679 4773 732 4829 cst,
746 4766 809 4835 qnia
824 4783 877 4821 ιιοιι
889 4782 949 4822 cre·

157 4851 198 4904 dit
206 4850 232 4903 in
248 4848 357 4904 nominc
373 4851 503 4921 unrgeniti
518 4851 579 4908 Filii
598 4852 656 4907 bei.
669 4853 698 4908 ln
715 4856 766 4909 boc
782 4856 853 4910 enim
867 4872 949 4928 appa·

154 4941 212 4996 ruit
224 4940 344 4997 ebaritas
360 4941 449 4997 Patris
461 4943 488 4997 in
508 4944 597 5012 nobis,
610 4947 738 5015 gironiam
759 4947 855 5001 Filium
869 4963 947 5004 suum

154 5033 325 5103 unigenitum
349 5035 422 5089 misit
449 5035 521 5090 Dens
550 5036 576 5089 in
602 5037 744 5100 mundum,
766 5047 795 5092 ιιι
820 5039 947 5095 vivamus

155 5141 205 5198 per
219 5140 281 5179 eum
300 5125 347 5193 qrri
367 5124 418 5178 luit
434 5126 563 5181 obcdicns
577 5129 601 5181 ei
618 5143 704 5196 usquc
719 5130 752 5182 ad
766 5139 892 5184 mortem.

191 5218 237 5272 45.
257 5217 297 5272 Τιι
317 5232 392 5287 ergo,
406 5217 456 5272 Fili
477 5220 524 5274 liei
544 5220 597 5273 riri
617 5220 766 5290 unigenite,
783 5222 948 5291 Redemptor

157 5311 250 5364 mnndi
273 5311 353 5375 licus,
372 5311 502 5367 miserere
528 5312 590 5366 mei.
604 5311 664 5367 Tibi
680 5313 752 5367 enim
775 5314 851 5369 dedit
869 5324 947 5384 potc-

157 5410 254 5455 stntem
275 5401 406 5470 judiciuin
419 5403 519 5459 lacere.
541 5404 594 5458 Sed
616 5404 737 5473 supplico
752 5406 800 5460 tibi
819 5415 849 5461 ut
873 5423 948 5477 prrus

157 5491 225 5543 mibi
243 5494 378 5559 peccatori
393 5504 503 5562 peccata
516 5495 649 5560 riirrrittas,
660 5513 740 5565 oriam
767 5499 800 5553 ad
822 5500 950 5568 jrrdicau·

159 5579 223 5635 dum
238 5596 281 5636 rne
303 5584 395 5639 venias
408 5603 417 5638 ι
431 5595 458 5640 et
489 5596 551 5642 tnnc
572 5588 612 5643 sic
632 5587 723 5658 jrnlicn
746 5603 800 5652 mc,
822 5589 903 5655 Decus,
917 5598 948 5660 ut

158 5670 298 5741 tllstetttts
313 5681 342 5731 el
360 5690 470 5752 separes
483 5679 580 5748 animo
598 5695 664 5738 mee
682 5694 794 5745 cansam
818 5682 944 5757 degente

1000 4596 1062 4637 nem
1076 4591 1162 4646 tuam,
1177 4589 1204 4636 et
1216 4580 1365 4636 secundum
1381 4578 1580 4634 multitudinem
1597 4577 1793 4632 misericordie

1000 4679 1064 4735 tuae,
1084 4678 1195 4725 eterne
1217 4683 1260 4724 me
1279 4669 1312 4723 de
1332 4667 1442 4723 lorriaco
1457 4666 1561 4736 peccati
1580 4667 1607 4721 in
1623 4665 1792 4721 nrirabilibru

999 4763 1063 4827 tuis,
1081 4771 1110 4817 et
1134 4763 1168 4817 da
1191 4776 1263 4816 nune
1277 4760 1393 4831 gloriam
1416 4759 1519 4815 nornini
1546 4772 1605 4822 uro,
1628 4760 1695 4829 quia
1721 4766 1748 4812 ιιι
1765 4770 1792 4811 es

1001 4856 1131 4910 lionrinus
1145 4855 1294 4911 Deussolus
1307 4853 1442 4923 gloriosus
1453 4868 1534 4922 super
1544 4853 1639 4908 orbem
1656 4863 1790 4907 terrarum

1000 4955 1027 5001 ct
1051 4961 1167 5016 semper.
1184 4945 1255 5011 Quia
1272 4946 1361 5000 omnis
1379 4945 1510 5014 sapientia
1537 4960 1551 4998 a
1571 4955 1596 5000 te
1610 4942 1727 5000 domino
1741 4944 1790 4996 Deo

999 5047 1051 5103 cst,
1067 5047 1095 5093 ct
1113 5038 1164 5092 luit
1178 5053 1297 5106 semper,
1319 5044 1406 5092 otest
1425 5043 1488 5092 ante
1502 5050 1601 5090 acrum.
1619 5036 1790 5105 Sempiteraa

999 5140 1040 5184 est
1058 5143 1166 5200 ortoque
1185 5130 1273 5185 virtus
1291 5138 1346 5192 tua,
1369 5136 1451 5197 atque
1475 5127 1604 5181 divinitas
1622 5145 1631 5182 a
1648 5143 1713 5197 qrrm
1732 5141 1788 5182 enni

1001 5236 1044 5276 mc
1063 5221 1151 5290 possit
1163 5221 1260 5275 darein
1272 5219 1449 5290 opprobrium
1460 5218 1789 5288 sempiternum,impioro

1001 5324 1073 5368 tuam
1092 5313 1314 5383 omnipotentiam
1339 5311 1544 5380 sempiternam,
1561 5318 1590 5364 ut
1606 5311 1674 5364 milri
1695 5325 1789 5365 concc-

999 5405 1047 5460 das
1072 5405 1160 5474 potius
1187 5404 1283 5475 gaudia
1308 5404 1484 5474 sempiterna.
1505 5402 1545 5456 Τιι
1566 5403 1640 5456 cuim
1669 5418 1701 5457 es
1720 5405 1789 5458 Deus

999 5497 1191 5565 sempiternus,
1219 5496 1264 5566 qrri
1288 5495 1386 5551 creasti
1414 5495 1544 5549 terminos
1566 5501 1658 5559 terrm,
1673 5495 1720 5564 qrri
1742 5508 1789 5549 nec

998 5589 1106 5656 inicians,
1121 5603 1171 5644 occ
1193 5589 1304 5652 desinis,
1330 5586 1378 5642 scd
1403 5587 1505 5644 esttibi
1526 5587 1613 5658 gloria
1632 5596 1663 5645 ct
1676 5593 1788 5645 nuncet

997 5693 1116 5751 seraper,
1131 5688 1159 5735 ct
1174 5679 1200 5735 in
1215 5677 1310 5743 secula
1328 5678 1498 5740 seculorum.
