3690 6008
159 159 209 218 m
691 161 720 217 S.
740 157 889 216 insaniit
908 154 1081 215 CANTUAR.
1102 155 1261 214 andater.
1738 158 1790 218 ῆς

158 281 228 337 bene
241 277 449 346 hirmauirerquc
463 277 613 340 tractando,
630 274 714 330 misso
729 274 876 345 diplomate
890 288 945 343 quo
960 271 1125 334 AEcclesiis
1137 270 1305 334 vacantibus,
1321 283 1367 324 rex
1378 268 1510 324 arbitratu
1526 283 1575 325 suo
1598 269 1670 328 viros
1698 279 1788 329 eccle·

158 369 227 440 petit
240 364 425 421 utiluselmus
439 380 471 420 ac
484 365 525 420 sni
538 374 592 419 tam
605 364 753 419 liberiesse
771 364 886 434 possint,
916 377 949 418 ac
999 363 1121 417 siastioos
1144 361 1300 431 praeposuit,
1322 374 1469 430 earrrmque
1492 362 1713 430 possessiouem,
1742 381 1791 435 per

159 458 330 516 Lanlrancus
343 472 405 511 cum
434 456 489 511 suis
503 455 594 520 luerit,
611 463 640 509 ut
657 470 672 510 e
687 455 863 510 concessione
875 452 949 509 Guil-
1000 454 1195 518 investituram,
1213 461 1240 506 et
1254 451 1341 507 baculi
1356 451 1498 521 pastoralis
1510 461 1537 506 et
1552 453 1643 507 anrurli
1666 455 1791 510 ‹lauatio-

160 544 777 615 lelmiCuuquaestorisintelligipotest.Etnt
801 543 949 614 perspicia·
1000 562 1061 601 nem
1091 546 1210 601 tradidit.
1239 543 1314 612 Quod
1330 544 1438 614 quidem
1463 544 1793 617 iurcsriendiaciupos-

160 652 222 695 mus
247 652 328 707 quatu
347 637 427 691 luerit
440 635 483 691 illa
503 645 568 691 aetas
580 644 672 706 aperta
688 646 715 691 et
726 634 851 707 simplex,
867 635 948 690 mini·
1000 638 1146 694 sessionem
1160 636 1304 692 inducendi
1317 634 1370 704 ius,
1385 633 1534 691 Christiani
1556 636 1696 705 principes
1727 645 1792 691 tnnc

160 742 258 801 meque
272 727 376 798 prolixa
392 736 419 783 et
432 728 539 784 curiosa
555 729 656 792 verbis,
680 743 733 785 non
761 729 814 784 erit
829 729 949 783 alienum
1002 728 1129 797 temporis
1143 727 1193 781 sibi
1206 726 1388 780 vindicarunt.
1403 724 1442 778 lbi
1453 725 1495 779 lris
1508 726 1591 794 igitur
1602 727 1648 795 qni
1672 728 1793 780 anctori-

159 822 248 892 lpsnm
263 819 396 890 diploma,
411 820 507 874 Latine
523 819 689 890 Angliceqne
710 822 841 891 scriptum
853 822 950 875 rerba·
1003 826 1056 873 tate
1069 817 1143 889 regia
1153 816 1355 887 episcopatibus
1369 826 1396 870 et
1409 815 1538 870 Ecclesiis
1552 815 1656 870 inducti
1669 815 1791 881 luerunt,

159 911 209 966 tint
227 911 356 967 inserere.
368 910 445 977 Quod
470 918 557 966 totum
585 912 740 982 inutraque
763 912 854 982 lingua
875 927 950 967 com·
999 907 1077 976 petiit
1096 921 1143 960 rea
1158 914 1187 959 nt
1213 906 1258 975 qni
1284 904 1384 959 sacrati
1409 920 1462 959 uon
1476 913 1578 969 esseut,
1603 905 1638 960 ab
1661 905 1791 961 Anselmo

160 1002 339 1073 prehensum,
352 1014 386 1055 nc
400 994 497 1071 palmae
508 1001 678 1056 latitudinem
690 1002 808 1073 attingit.
824 1003 950 1071 liugnam

159 1098 250 1148 aulem
262 1090 333 1161 regis
345 1091 473 1163 sigillum,
487 1093 558 1163 quod
572 1107 643 1148 rrutrc
655 1092 681 1147 in
698 1092 751 1148 stne
773 1093 949 1163 diplomatum

161 1181 273 1252 appendi
294 1180 407 1249 solet,in
422 1183 475 1237 boe
486 1182 753 1253 antiqnodiplomate
764 1185 797 1238 ad
813 1186 949 1240 modicam

160 1273 329 1328 membranae
345 1281 452 1342 partem
466 1273 595 1343 paulatim
613 1283 755 1330 extensam
780 1284 808 1329 et
829 1276 949 1331 excisam

161 1376 195 1417 ex
211 1361 365 1432 diplomatis
393 1364 504 1419 sinistro
518 1364 605 1420 latere
630 1366 759 1422 adhaeret.
779 1366 952 1438 sigillarem

162 1456 312 1526 antiquitus
325 1457 582 1528 diplomatibussuis
591 1475 668 1531 reges
680 1475 735 1514 non
750 1459 949 1529 appendamus

1001 1007 1241 1062 consecrarentnr;
1253 996 1299 1066 qui
1309 1011 1375 1051 vero
1391 997 1504 1051 absente
1520 1012 1554 1051 eo
1565 996 1600 1051 ab
1612 996 1673 1051 aliis
1687 997 1793 1065 episco-

1001 1091 1043 1161 pis
1052 1090 1204 1146 consecrati
1218 1098 1321 1153 essent,
1347 1088 1373 1142 in
1397 1088 1564 1143 consortium
1578 1098 1606 1142 et
1618 1091 1792 1144 consuetudi·

1001 1197 1063 1236 netu
1076 1195 1152 1235 suam
1175 1187 1203 1234 et
1225 1179 1413 1249 cpiscoporum
1435 1185 1535 1232 coetnm
1552 1178 1736 1247 permitteret.
1765 1180 1793 1234 ln

1001 1282 1119 1341 utroque
1142 1271 1239 1326 borum
1263 1268 1410 1324 uusetmus
1434 1268 1491 1339 regi
1506 1268 1627 1335 resistit,
1645 1279 1703 1323 tum
1723 1270 1793 1340 qnod

1002 1362 1094 1418 caeteri
1107 1360 1171 1415 laici
1183 1359 1254 1430 regis
1265 1358 1400 1429 exemplo,
1414 1359 1576 1414 auctoritate
1587 1361 1705 1429 priuata,
1736 1375 1795 1431 pre

1003 1454 1136 1525 sbyteros
1150 1453 1208 1507 siue
1231 1451 1350 1522 legitima
1373 1451 1561 1522 cpiscoporum
1586 1452 1794 1522 approbatione,

163 1548 235 1616 quod
246 1556 336 1603 tamon
350 1550 385 1603 ab
395 1550 520 1606 Eduardo
532 1566 625 1622 regum
644 1552 748 1626 Angtiae
762 1553 849 1622 primo
873 1553 950 1607 irruu-
1003 1543 1163 1600 sacerdotiis
1180 1541 1371 1612 praeficerent:
1395 1550 1450 1596 tum
1467 1543 1538 1612 qnoil
1553 1542 1679 1599 Urbanus
1695 1543 1794 1598 Rorna-

162 1645 236 1691 ctum
251 1636 317 1702 fuir,
331 1639 491 1708 quintianis
505 1642 561 1696 suis
575 1641 609 1697 aq
626 1642 750 1698 veritaris
765 1642 951 1697 testimonium
968 1616 990 1671 Β
1005 1649 1056 1688 uns
1068 1633 1189 1703 pontifex
1202 1633 1336 1698 superiori
1348 1632 1464 1687 concilio
1477 1634 1619 1687 statuisset
1636 1648 1671 1688 ue
1689 1635 1751 1703 quis
1762 1636 1794 1689 dc

161 1739 252 1781 ceram
264 1727 423 1796 impressam
436 1729 619 1800 appendebat.

391 1854 514 1927 Diploma
530 1854 641 1912 Raurici
661 1858 738 1928 regia.

202 2009 213 2045 ι
232 1991 440 2059 nenorensem
459 1993 618 2065 Arrglorum
640 1994 755 2065 llngode
768 1994 954 2061 Boelaude,et

164 2079 208 2135 W.
224 2081 384 2152 baignardo,
400 2091 428 2138 et
441 2084 567 2138 omuibus
579 2085 712 2140 ministris
723 2085 793 2141 meis
808 2085 954 2141 bondoniae

165 2173 194 2226 s.
207 2172 337 2243 Praecipio
348 2181 376 2227 et
388 2173 448 2228 volo
459 2182 490 2228 ut
504 2190 599 2230 ornnes
615 2176 738 2231 bomines
752 2175 871 2231 duselmi
884 2178 954 2232 Cau·

164 2265 309 2321 tuaricnsis
324 2266 531 2338 archiepiscopi,
541 2283 609 2338 quos
629 2269 656 2324 in
670 2269 807 2325 bondonia
820 2269 910 2335 babet,
928 2280 955 2325 et

163 2369 259 2411 omnes
274 2358 315 2412 sui
330 2357 357 2411 ιιι
370 2357 415 2412 illa
428 2359 490 2414 uilla
501 2369 630 2416 eunteset
642 2361 795 2426 redeuutes,
818 2361 854 2415 ita
870 2363 955 2430 quieti

164 2450 198 2502 de
210 2450 585 2507 onmibnsconsuetndiuibus
597 2453 661 2518 sint,
675 2452 746 2507 sicul
758 2452 956 2523 unquanrbau·

165 2538 277 2596 iraucns
293 2543 513 2612 archiepiscopus
527 2559 589 2598 suos
607 2544 634 2597 iu
647 2558 678 2598 ea
691 2544 788 2600 melius
802 2546 955 2614 etquietlns

165 2629 260 2685 babuit
275 2639 395 2700 tempore
422 2632 507 2703 patris
535 2633 599 2698 mei,
615 2641 643 2687 et
659 2634 748 2689 ridete
761 2649 796 2689 ue
807 2636 847 2691 eis
872 2635 954 2690 ullam

165 2723 293 2792 iniuriam
313 2723 430 2781 laciatis.
445 2725 602 2796 Testellug.
616 2728 718 2783 comite
730 2727 763 2783 de
778 2727 872 2784 Cestra
885 2731 955 2800 apud

165 2810 374 2869 westmonster.
391 2832 402 2867 r

1005 1741 1085 1780 manu
1098 1724 1170 1795 regis
1188 1733 1234 1777 arrt
1249 1723 1310 1779 laici
1323 1724 1453 1779 Ecclesiae
1466 1722 1581 1792 alicujus
1605 1724 1793 1779 investituram

1004 1818 1149 1887 acciperet,
1171 1825 1218 1872 ant
1238 1816 1301 1874 laici
1327 1817 1488 1872 auctoritate
1514 1825 1677 1886 potestatem
1698 1832 1795 1888 apprc-

1005 1909 1148 1963 benderet.

1040 2002 1075 2055 nt
1088 2016 1134 2055 rex
1149 2000 1280 2070 regnique
1294 2014 1431 2070 proceres,
1441 1999 1572 2070 episcopi,
1591 2007 1620 2054 et
1645 1998 1791 2069 cujuscun-

1005 2107 1058 2164 que
1071 2093 1178 2161 sseneris
1191 2092 1281 2156 aulici,
1298 2092 1350 2147 boc
1362 2101 1461 2161 practer
1476 2093 1551 2161 regui
1570 2093 1795 2147 consuetudinem

1006 2184 1337 2256 abansclmolactitatum
1352 2184 1461 2253 iruligue
1476 2182 1602 2248 ier-entes,
1624 2185 1796 2239 asserebant

1006 2290 1165 2331 assensuros
1178 2287 1239 2329 sese
1252 2287 1389 2343 uunquam
1402 2281 1456 2325 tam
1472 2272 1565 2340 iniquo
1579 2285 1655 2347 papa
1674 2274 1794 2337 decretu,

1005 2376 1033 2423 et
1042 2367 1132 2438 potius
1148 2375 1201 2420 tam
1213 2365 1372 2419 Auselmurn
1387 2378 1469 2432 regno
1482 2365 1797 2428 exterminaturos,etab

1006 2457 1127 2513 Ecclesia
1145 2456 1266 2511 Roruaua
1290 2454 1397 2524 penitus
1421 2454 1589 2508 discessuros
1612 2467 1693 2522 quam
1720 2454 1790 2507 ltaitc

1006 2564 1081 2621 papae
1092 2549 1288 2614 sententiam,.a
1299 2545 1361 2614 iure
1373 2545 1449 2615 regio
1458 2545 1587 2614 regnique
1601 2545 1797 2598 consuetudine

1007 2656 1118 2710 prorsus
1129 2639 1256 2703 alienam,
1273 2647 1360 2692 ratam
1372 2635 1513 2691 baberent.
1540 2635 1625 2702 Quem
1651 2650 1794 2704 procerum

1006 2739 1034 2785 ct
1047 2731 1241 2801 episcoporum
1252 2743 1343 2785 secum
1351 2728 1553 2798 conspirantem
1562 2736 1589 2782 et
1600 2735 1796 2797 congruentem

1006 2836 1116 2878 sensum
1131 2836 1192 2876 cnm
1207 2819 1450 2874 animaduertisset
1464 2833 1530 2882 rex,
1546 2815 1663 2871 Girardo
1691 2818 1796 2871 Ebora-

200 2899 345 2958 Anselmns
360 2918 424 2959 vero
453 2904 665 2963 ecclesiasticam
686 2914 766 2963 suam
783 2909 953 2977 procuratio·
1007 2912 1079 2969 censi
1095 2911 1302 2981 archiepiscopo
1328 2908 1414 2965 suasit
1433 2917 1461 2963 et
1481 2909 1620 2962 mandauit
1632 2916 1662 2962 ut
1675 2908 1732 2978 ipse
1747 2909 1797 2962 boc

165 3007 227 3048 nem
242 2993 385 3063 diligenter
399 3010 539 3065 exercens,
558 2999 639 3054 totius
656 2999 723 3054 clcri
738 3000 869 3070 synodum
884 3001 955 3055 Lorr-
1006 3002 1228 3060 consecrationis
1241 3017 1341 3057 munus
1364 3000 1516 3066 susciperet
1534 3005 1562 3052 et
1571 2999 1737 3054 absolueret.
1746 2997 1798 3052 Gl-

165 3082 223 3139 diui
249 3086 418 3141 convocarit.
445 3087 534 3158 lnqna
568 3088 700 3158 plurimos
712 3090 746 3146 ab
761 3089 955 3146 ecclesiasticis
1004 3096 1103 3151 rardns
1118 3095 1171 3148 boc
1182 3092 1275 3148 oneris
1288 3092 1355 3146 inse
1368 3089 1526 3158 assumpsit,
1540 3088 1667 3157 diemque
1686 3089 1719 3142 ad
1733 3103 1798 3143 cou-

165 3173 349 3243 dignitatibus,
368 3176 403 3231 ⁰¹)
414 3176 585 3271 Sllqnninnns
597 3181 737 3250 pactiones
763 3183 869 3253 aliaque
883 3182 955 3253 nugi·
1005 3186 1166 3243 secratiouis
1180 3185 1261 3252 bailus
1274 3184 1483 3239 celebrationem
1505 3182 1621 3236 Londini
1646 3182 1671 3234 ιιι
1684 3181 1796 3236 Paulina

166 3263 203 3317 tia
236 3266 357 3334 dejecit,
389 3267 539 3326 (luidonem
574 3272 699 3327 abbatem
735 3275 954 3330 wimondeusem
1006 3274 1383 3344 ccclesiapraescripsit.0no
1400 3288 1464 3328 cum
1489 3272 1585 3340 plures
1605 3271 1798 3326 conuenissent

145 3351 374 3424 „diuturnumque
395 3356 572 3416 llamsensem
589 3361 769 3430 simoniacos,
795 3365 954 3421 Gallricinm
1005 3365 1174 3430 Guillclmus,
1187 3363 1386 3419 Wiutouiensis
1412 3363 1556 3433 episcopus
1568 3359 1797 3427 tnucsacraudus,

166 3443 415 3516 Patriburgensem,
435 3450 601 3521 llaymonem
622 3454 875 3523 dorsetensemet
900 3457 954 3515 llo-
1005 3454 1273 3526 baculumpastorale
1287 3451 1796 3522 etannnlum,qnaearegeaccepisset,

166 3535 273 3589 bertum
289 3535 382 3592 Sancti
400 3539 545 3608 Edmnudi,
566 3544 600 3598 ob
614 3546 704 3600 uarios
719 3546 840 3603 delectus
859 3557 887 3604 et
904 3564 954 3604 er·
1006 3551 1102 3604 iterum
1123 3547 1179 3618 regi
1192 3536 1319 3613 tradidit;
1337 3546 1527 3616 dixitquequae
1549 3542 1649 3611 iniuste
1676 3543 1798 3612 accepis

165 3638 269 3681 cessus.
284 3627 464 3699 Synodusista
474 3632 653 3692 londinensis
666 3641 761 3709 synodi
775 3642 955 3711 appellatione
1006 3648 1057 3707 set,
1073 3638 1230 3709 ampliasse
1245 3652 1297 3691 uon
1310 3652 1389 3706 posse
1404 3637 1534 3690 retinere.
1549 3632 1635 3702 Cuius
1649 3630 1716 3687 lacti
1742 3646 1791 3685 uo·

165 3716 249 3770 etiam
263 3719 344 3789 uulgo
367 3719 516 3789 serebatur,
538 3726 616 3796 cujus
638 3731 848 3789 constitutiones
862 3736 953 3790 statim
1005 3735 1102 3796 ritate,
1118 3731 1189 3801 qnod
1219 3739 1318 3799 praeter
1332 3728 1454 3784 omnium
1476 3725 1711 3796 exspectationem
1739 3732 1792 3777 tara

167 3817 265 3875 spretae
292 3821 374 3881 atque
393 3823 553 3885 contemptae
574 3816 707 3891 inerunt.¹
727 3823 794 3878 Nam
823 3825 955 3883 Girardus
983 3823 1135 3879 ‘subitoet
1150 3821 1291 3893 inopinato
1303 3818 1418 3883 accidit,
1434 3816 1574 3886 perculsus
1590 3829 1638 3868 ren
1658 3809 1798 3866 Gnillelmi

164 3897 346 3959 Eboracensis
360 3906 590 3979 archiepiscopus,
604 3927 666 3967 cnm
688 3914 748 3971 illos
764 3932 885 3974 canones
899 3920 955 3974 edi·
1005 3916 1077 3970 buna
1097 3913 1269 3984 proscripsit,
1284 3923 1401 3979 euntque
1414 3923 1497 3979 regno
1509 3906 1599 3976 eiecit.
1614 3906 1714 3962 Postea
1726 3902 1798 3958 muln

164 3989 418 4059 aissetservandos,
432 4006 503 4054 totus
517 4000 588 4057 illins
608 4006 757 4072 prouinciae
779 4007 869 4063 clerus
881 4024 957 4064 recu·
1007 4006 1042 4060 tis
1057 4008 1084 4059 iu
1099 4014 1243 4068 utramque
1259 4010 1365 4073 partem
1381 4000 1451 4055 sicut
1465 4000 1492 4053 iu
1508 3997 1584 4053 omni
1604 3994 1723 4052 dissidio
1737 3992 1797 4048 beri

164 4082 244 4137 sarit.
260 4082 337 4140 Unde
352 4086 481 4144 Ausclmo
505 4094 616 4162 scripsit
643 4111 650 4148 a
678 4113 687 4145 r
706 4094 776 4151 Sirio
794 4098 955 4154 clericorum
1007 4097 1083 4157 solet,
1098 4095 1222 4147 bucilluc
1236 4090 1434 4145 inclinantibus
1445 4089 1479 4143 ad
1491 4095 1595 4141 tantam
1615 4085 1793 4147 discordiam,

164 4185 286 4227 meorum
300 4176 499 4246 iutegritatem
515 4182 562 4236 sed
581 4193 678 4253 praeter
699 4186 727 4240 in
742 4188 836 4255 paucis
859 4189 954 4244 admo·
1006 4201 1067 4256 quan
1083 4185 1138 4256 regi
1154 4182 1271 4239 recentis
1286 4183 1364 4253 regni
1379 4180 1493 4235 uictoris
1508 4179 1564 4232 ulio
1582 4176 1740 4248 periculosa
1756 4175 1795 4229 lo·

165 4261 228 4317 dnm
242 4267 285 4320 rel
299 4269 402 4337 aspidis
428 4272 655 4338 surditatem,rel
675 4277 789 4335 fabulosi
814 4280 954 4350 cujusdam
969 4296 994 4357 ῃ
1007 4284 1048 4331 ret
1059 4276 1217 4337 sedandam,
1245 4282 1408 4328 corruentum
1437 4276 1521 4325 estut
1542 4268 1576 4323 ad
1602 4265 1797 4322 sciscitandum

165 4350 274 4410 Protlrei
304 4357 509 4416 mutabilitatem
532 4364 650 4420 invenio.
680 4367 771 4423 Variis
799 4368 954 4441 linguarum

165 4443 268 4500 aculeis
278 4446 358 4502 modo
372 4448 469 4516 minas,
484 4452 564 4508 modo
578 4456 699 4512 convicia
727 4456 860 4528 inllignnt.
887 4458 954 4514 Pro·

164 4533 373 4596 lessionesrero
393 4541 458 4597 uribi
473 4545 580 4613 penitus
600 4547 736 4619 abnegant
753 4551 877 4606 canonici
904 4551 952 4618 illi,

165 4625 211 4692 qni
223 4627 281 4681 siue
293 4628 461 4698 prolessione
473 4636 506 4689 ad
518 4651 609 4693 sacros
619 4639 729 4697 ordines
738 4640 955 4699 inordinabiliter

166 4725 227 4771 sunl
239 4722 370 4789 provecti.
383 4722 416 4778 lli
432 4726 512 4780 etiam
524 4730 568 4800 qui
580 4729 607 4784 iu
620 4733 789 4803 presbyterio
801 4734 844 4790 uel
858 4736 951 4791 diaco·

166 4816 231 4863 natu
244 4814 396 4882 constituti,
413 4826 439 4873 et
450 4834 548 4877 uxores
562 4823 619 4880 sire
629 4826 794 4882 concubinas
809 4827 953 4895 inpublico

163 4899 296 4958 hactenns
310 4905 472 4977 babuerunt,
487 4920 515 4966 et
528 4914 562 4968 ab
577 4915 655 4969 altari
671 4916 743 4970 unlla
759 4933 788 4971 sc
800 4917 953 4971 reverentia

165 4994 367 5052 continuerunt.
383 4999 450 5056 Cum
463 5016 528 5059 vcro
552 5007 586 5060 ad
600 5007 710 5062 ordines
723 5008 829 5078 aliquos
852 5009 951 5074 inuito,

165 5083 232 5140 dura
248 5088 354 5143 ceruice
366 5092 529 5160 renituntur,
540 5111 574 5150 ne
589 5097 615 5151 in
627 5098 777 5152 ordinando
792 5100 949 5154 castitatem

164 5177 353 5244 proibeantur.
368 5185 382 5232 i
395 5181 506 5238 Obstitit
518 5186 600 5239 etiam
627 5202 661 5241 nc
676 5202 794 5242 canones
816 5188 896 5255 lustjus
909 5204 953 5259 sy-

162 5269 226 5322 nodi
241 5268 328 5342 legum
352 5273 405 5327 viru
427 5283 455 5328 et
476 5285 635 5346 potestatem
657 5279 830 5346 sortirentur,
858 5280 953 5350 iugens

164 5360 236 5416 inter
251 5379 341 5436 regem
355 5374 382 5421 et
395 5365 554 5423 Ariselmum
567 5368 702 5426 discordia
716 5383 743 5426 et
768 5372 906 5427 contentio
919 5372 953 5426 dc

164 5448 345 5509 Ecclesiarum
359 5456 525 5512 investituris
535 5469 605 5514 orta.
623 5460 691 5514 llam
714 5468 769 5515 toto
785 5459 952 5516 illotrieuuio

164 5554 218 5609 qno
239 5543 361 5601 abluerat
386 5549 541 5621 duselmus,
573 5553 681 5611 sedibus
707 5553 905 5625 episcopalibus
924 5564 951 5610 ct

1006 4381 1083 4438 papae
1097 4364 1248 4429 oraculum,
1269 4362 1414 4418 noscimus
1431 4358 1624 4416 etGuillelmns
1640 4356 1799 4412 Warelrast

1007 4459 1078 4529 regis
1091 4459 1195 4527 legatus
1207 4455 1253 4526 qni
1265 4469 1374 4524 semper
1387 4451 1509 4510 Auselmi
1522 4449 1646 4520 partibus
1663 4450 1798 4505 adversus

1006 4552 1068 4617 luit,
1085 4550 1199 4606 Romam
1211 4547 1460 4620 proficiscerentur.
1474 4546 1521 4601 llis
1532 4545 1625 4600 lionae
1639 4554 1704 4600 ante
1723 4559 1798 4613 pape

1006 4642 1126 4699 tribunal
1149 4642 1221 4695 banc
1241 4653 1352 4694 cansam
1381 4637 1535 4708 agentibus,
1551 4636 1700 4692 Auselmus
1722 4650 1797 4706 pupae

1005 4750 1128 4799 cansam,
1142 4748 1234 4788 coram
1253 4747 1322 4801 papa
1338 4738 1471 4800 praesente
1483 4729 1610 4799 etjudice
1625 4728 1797 4792 ,Gnillelrnns

1007 4825 1079 4894 regis
1090 4823 1130 4878 sni
1144 4822 1275 4887 absentis,
1305 4835 1355 4876 ucc
1384 4819 1494 4891 judicis,
1520 4833 1631 4874 causam
1656 4818 1795 4872 tractarit.

1006 4913 1299 4983 CumqneGuillelruus
1320 4911 1508 4968 uehementius
1535 4909 1646 4980 inregis
1672 4908 1796 4979 proposi-

1006 5016 1063 5060 tum
1077 5003 1190 5060 allectus
1204 5005 1318 5060 dixisset
1329 5019 1419 5074 regem
1432 5018 1521 5067 suurn,
1536 5017 1570 5056 ne
1583 5017 1632 5071 pro
1645 5001 1722 5071 regni
1736 5002 1790 5055 Αιι·

1005 5096 1064 5166 glim
1075 5094 1282 5163 amissione,jus
1297 5093 1433 5150 Ecclesias
1448 5092 1566 5148 donandi
1581 5101 1608 5146 et
1620 5107 1717 5148 earum
1731 5106 1792 5160 pos·

1005 5187 1152 5241 sessionem
1164 5185 1286 5240 tradcudi
1309 5186 1483 5247 arrrissurnm,
1495 5182 1635 5252 respondit
1654 5176 1794 5236 Pasclralis

1004 5294 1072 5349 papa
1095 5277 1135 5348 (nt
1146 5277 1237 5330 uerbis
1264 5277 1389 5330 Eadrueri
1414 5276 1535 5330 auctoris
1547 5272 1640 5341 utar):
1656 5270 1789 5341 Siquem-

1006 5371 1152 5426 admodum
1181 5370 1266 5435 dicis,
1291 5385 1337 5423 res
1352 5377 1413 5422 tuus
1425 5382 1474 5421 nec
1487 5381 1536 5435 pro
1552 5364 1628 5435 regni
1646 5362 1689 5419 sui
1711 5362 1793 5416 antis-

1005 5463 1082 5518 siouc
1095 5462 1213 5532 patietur
1235 5460 1418 5516 Ecclesiarnm
1442 5458 1615 5513 donatiouem
1646 5456 1791 5517 amittere,

1005 5555 1087 5624 scias,
1100 5569 1163 5612 cece
1178 5568 1270 5610 coram
1281 5551 1336 5609 lico
1349 5551 1419 5618 dico,
1438 5551 1501 5621 qnia
1516 5564 1565 5605 uec
1577 5563 1626 5619 pro
1645 5547 1687 5603 sui
1699 5544 1796 5616 capitis
