3690 6008
103 107 157 169 889
817 111 1021 177 otttttottlis
1682 124 1736 186 did

103 243 152 299 per
169 223 383 283 incarnationem
398 231 484 289 tuam,
509 224 629 293 quamin
643 227 808 298 proprietate
828 244 889 300 per
904 231 927 290 Δ
941 231 1102 303 postposito,
1128 231 1272 291 ueritatem
1303 243 1356 292 tuor
1388 236 1596 297 rmurrectionis
1626 240 1734 298 eunctis

103 335 178 378 sone
190 328 252 385 tnae,
263 327 427 389 cooperante
442 327 533 376 tamen
555 318 638 376 Patre
656 329 684 376 et
697 319 802 392 Spiritu
830 336 896 378 san·
949 321 1074 393 gentibus
1095 324 1302 391 annuntiarent,
1318 341 1419 397 eosque
1433 328 1563 385 docerent
1586 328 1660 400 quod
1675 329 1698 385 si
1709 330 1738 387 in

103 422 156 474 cto,
170 411 329 482 suscepisti,
347 426 391 466 me
403 410 535 468 relectum
545 420 573 467 et
584 421 743 468 renovatum
755 427 816 470 esse
830 413 898 471 scio
949 419 976 467 te
990 412 1133 468 crederent
1151 423 1180 469 et
1201 413 1255 472 tuis
1271 418 1414 488 preceptis
1430 417 1583 485 obedirent,
1602 419 1676 475 omni
1689 420 1739 477 du·

101 501 158 559 Oto
178 500 270 570 itaque
294 499 481 555 dulcissimam
507 500 722 557 misericordiam
735 510 819 568 tuam,
835 503 899 574 piis·
947 503 1080 562 bitatione
1091 505 1255 576 posthabita,
1271 523 1385 580 rognum
1399 510 1531 567 coelorum
1547 519 1738 581 postmortem

102 593 171 649 sitne
180 599 208 646 et
226 591 389 648 atrocissime
417 592 528 648 Domine
542 590 617 661 iesu,
639 608 689 664 per
706 605 897 651 sanctatnan-
948 596 1041 653 carnis
1059 598 1248 665 ascenderent,
1267 608 1295 656 ct
1311 600 1337 654 in
1352 608 1453 659 :eterna
1477 602 1562 673 gloria
1581 610 1670 659 tecum
1684 604 1740 661 lcli·

103 685 300 739 nuntiationem
322 691 406 747 tnam,
433 682 565 740 miserere
587 683 810 742 inlelicisanince
820 701 897 742 mem.
947 687 1017 744 citer
1036 696 1191 761 regnarent.
1213 688 1344 770 Miserere
1371 691 1435 757 mci,
1449 691 1604 750 dulcissime
1627 693 1740 751 Domine

102 773 467 831 bulcissimcbominelesu
481 773 599 842 Christe,
615 786 792 847 persanctam
807 779 897 835 incar·
947 777 1022 847 lesu,
1055 794 1104 850 per
1124 780 1242 838 reditum
1270 789 1345 837 ιππιππη
1368 782 1586 852 adjudicandos
1612 784 1690 842 sivos
1711 794 1740 843 et

102 867 240 922 nationem
250 873 278 921 et
289 864 459 921 nativitatem
470 872 555 930 tutan,
567 866 700 923 miserete
710 869 808 925 animm
818 884 896 926 mete.
947 880 1079 937 tontibus,
1110 885 1165 943 qun
1186 870 1290 941 iudicio
1320 871 1405 929 malos
1438 888 1454 928 a
1488 874 1566 931 bonis
1598 889 1739 945 separans,

103 957 265 1013 dulcissime
279 957 392 1013 bomine
408 954 484 1021 iesu,
494 955 613 1025 Christe,
638 973 692 1045 per⁸
709 959 897 1017 circumcisio·
947 974 1050 1019 aeterna
1066 964 1217 1033 perditione
1231 963 1374 1020 damnabis
1388 980 1397 1030 3
1413 965 1499 1022 bonos
1521 981 1586 1023 vcro
1606 975 1695 1022 tecum
1705 967 1740 1024 atl

102 1066 164 1107 nem
181 1060 265 1116 tuam,
283 1050 414 1105 miserere
432 1050 496 1105 mei.
520 1048 683 1107 bulcisslrne
697 1051 896 1121 bontinolesu,
947 1057 1032 1112 cmlns
1045 1057 1161 1123 ducens,
1177 1057 1205 1111 in
1217 1064 1318 1113 aeterna
1335 1056 1464 1114 felicitate
1476 1057 1632 1114 collocabis.

104 1151 285 1213 personatam
302 1141 446 1199 infantiam
461 1151 545 1208 tuam,
562 1143 693 1200 miserere
714 1145 778 1200 mei.
794 1145 898 1203 duleis·
983 1143 1031 1200 llis
1044 1142 1208 1201 dulcissimis
1236 1144 1471 1202 recordationibus
1479 1156 1508 1202 et
1522 1147 1575 1218 piis
1598 1145 1740 1203 memoriis

102 1235 172 1292 sime
186 1232 389 1300 bomioelcsn,
404 1234 632 1306 perjuteututem
656 1244 742 1301 mam,
765 1237 896 1295 miserere
946 1234 1093 1302 animatus,
1121 1235 1277 1292 dulcissime
1302 1235 1415 1293 bomine
1442 1235 1517 1303 lesu,
1541 1245 1569 1293 et
1585 1236 1642 1293 hee
1664 1245 1739 1292 tanta

101 1328 167 1383 mei.
182 1327 342 1382 llnlcissime
354 1326 467 1382 Domine
477 1325 552 1396 ίοοιπ,
564 1342 613 1398 per
623 1328 788 1397 baptismum
809 1338 896 1396 tnuru,
947 1324 1077 1382 bettesscia
1104 1325 1220 1382 inllrmis
1233 1334 1262 1383 et
1275 1326 1463 1397 peccatoribus
1478 1341 1493 1380 a
1510 1334 1536 1381 te
1554 1325 1739 1383 misericordi·

97 1418 306 1475 misereremei.
324 1416 483 1473 Dulcissimo
495 1417 695 1486 Dominelesu,
709 1419 896 1491 perieJnniutn
948 1424 990 1472 ter
1013 1415 1121 1485 collata,
1138 1417 1203 1473 dum
1229 1417 1256 1474 in
1277 1428 1384 1474 secreto
1409 1417 1529 1488 pectoris
1550 1418 1603 1474 mei
1624 1415 1739 1473 dulciter

102 1521 191 1573 ιππιπιη,
214 1509 312 1564 lametn
327 1518 356 1564 et
366 1507 563 1578 fatigationem,
591 1509 722 1567 miserere
746 1511 810 1567 mei.
833 1511 897 1567 bnl-
947 1515 1051 1563 etcum
1065 1523 1161 1579 magna
1185 1509 1364 1566 admiratione
1379 1510 1458 1566 tollo
1472 1517 1500 1565 et
1512 1508 1620 1565 revolso
1636 1526 1644 1573 ;
1659 1509 1738 1563 inlir·

100 1603 212 1660 cissinte
235 1602 348 1656 bntrtine
367 1598 443 1668 iesu,
464 1616 513 1672 per
536 1601 665 1666 miracula
684 1611 741 1667 tua,
759 1618 808 1674 per
821 1618 893 1674 qrtce,
910 1582 1006 1655 Btooo
1034 1598 1181 1655 memorius
1205 1605 1233 1654 ol
1259 1599 1462 1655 recordationes
1491 1597 1608 1669 peccati,
1628 1612 1689 1668 qoae
1705 1596 1740 1652 od

99 1694 151 1750 etsi
167 1695 248 1750 ltomo
261 1708 341 1749 verns
353 1707 426 1760 eras,
439 1707 521 1749 uerus
541 1693 613 1751 bens
626 1694 828 1764 agnoscebaris,
842 1696 895 1750 mi·
945 1690 1148 1747 damnationem
1163 1699 1191 1746 et
1204 1690 1387 1747 damnationis
1411 1690 1591 1762 perditionem
1617 1689 1739 1757 trabunt,

99 1797 192 1839 serere
203 1783 267 1838 ιηοί.
283 1782 446 1840 Dulcissimo
472 1782 587 1839 borninn
608 1782 684 1851 lesu,
708 1799 757 1856 per
778 1784 894 1858 flagella,
947 1792 991 1838 tua
1001 1783 1151 1854 opitulante
1165 1781 1295 1847 bonitate,
1307 1781 1453 1852 aliqnando
1466 1796 1563 1851 respuo
1575 1798 1584 1846 ;
1595 1791 1665 1837 etea
1680 1796 1741 1851 qum

100 1884 179 1946 sputa
193 1885 221 1932 ct
234 1874 328 1944 alapas
337 1889 406 1945 quas
425 1889 475 1944 pro
489 1873 568 1931 nobis
583 1875 740 1945 suscepisti,
764 1877 896 1935 miserere
945 1872 1037 1927 divina
1053 1871 1173 1943 sapiunt,
1185 1879 1213 1927 et
1227 1870 1362 1926 infirmam
1386 1870 1505 1927 animam
1519 1881 1547 1926 ct
1560 1870 1739 1940 peccatricem

100 1964 164 2019 mei.
191 1963 351 2020 Dulcissimo
363 1971 391 2020 et
410 1964 665 2021 misericordissime
683 1965 797 2022 bomine
818 1965 893 2035 iesu,
945 1965 1088 2022 sublevare
1116 1963 1217 2032 solent,
1241 1963 1370 2034 respicio,
1395 1977 1511 2018 veneror
1533 1972 1562 2019 et
1582 1963 1739 2033 amplector.

100 2069 150 2125 per
164 2055 285 2126 spineam
306 2069 545 2125 coronamentum
563 2056 590 2111 in
605 2057 696 2127 capite
711 2066 756 2114 tuo
768 2061 894 2130 portasti,
946 2056 1000 2113 Sed
1025 2057 1076 2113 beu
1100 2055 1200 2112 inielici
1223 2055 1321 2110 aniurae
1346 2070 1423 2116 mcae.
1450 2053 1607 2111 dulcissime
1619 2063 1648 2111 et
1664 2054 1741 2109 botu-

102 2157 134 2202 nt
147 2148 256 2218 spittcas
278 2156 456 2218 pcccatorum
475 2157 631 2205 nostrornm
651 2148 785 2218 auferres,
809 2152 894 2209 mise·
944 2149 1078 2221 gnissime
1097 2147 1211 2204 llontine
1227 2148 1235 2202 l
1249 2146 1300 2203 beu
1326 2156 1408 2202 tanta
1429 2146 1577 2218 perditioni
1603 2145 1739 2203 infelicem

101 2238 240 2295 reremei.
266 2237 395 2295 Miserere
415 2239 479 2307 mei,
507 2238 663 2297 dulcissime
686 2239 798 2298 [lontine
818 2239 893 2311 lesu,
945 2243 1064 2296 animam
1083 2250 1139 2296 tam
1168 2240 1288 2311 graviter
1312 2240 1432 2302 sexanti,
1447 2248 1475 2294 et
1504 2238 1557 2292 nisi
1582 2237 1739 2294 miscricor-

100 2343 149 2399 per
159 2345 269 2386 crucem
285 2339 371 2397 tunm,
390 2340 419 2387 et
434 2340 549 2387 mortem
562 2345 643 2402 quam
657 2332 740 2433 256
756 2335 784 2390 in
798 2335 894 2392 eadem
944 2333 1056 2389 dissime
1070 2331 1172 2403 pietate
1182 2340 1228 2386 tua
1251 2330 1428 2394 sustineatur,
1443 2329 1470 2383 in
1485 2337 1586 2399 puncto
1598 2328 1632 2383 ad
1652 2326 1739 2393 inler-

100 2434 181 2477 crocc
194 2434 291 2490 passus
309 2435 350 2486 es,
365 2431 396 2476 nt
411 2435 490 2479 tunsa
512 2430 600 2479 morte
628 2424 788 2481 redimeres.
814 2424 895 2482 iliae·
944 2440 1010 2482 nutu
1031 2423 1204 2482 descendenti
1221 2423 1228 2478 ί
1245 2423 1316 2478 Ecce
1334 2423 1407 2477 euim
1423 2421 1489 2476 dum
1512 2419 1604 2476 cordis
1627 2420 1680 2475 πηοί
1696 2433 1740 2476 se·

102 2527 164 2569 rere
178 2513 242 2580 mei,
259 2512 372 2569 liomine
383 2512 458 2578 lesu,
476 2529 526 2584 per
537 2514 691 2585 sepulcrum
705 2525 781 2573 tuum
798 2517 827 2579 in
839 2533 894 2588 qun
944 2499 1049 2575 cretum
1073 2516 1216 2588 diiigenter
1245 2515 1369 2586 inspicio,
1394 2514 1480 2585 ipsam
1505 2510 1654 2578 infelicem.
1677 2510 1737 2566 ³¹¹5·

101 2603 831 2679 secundumcarnemjacuisti,etpcrbenignissimam
846 2609 894 2664 de·
943 2624 1017 2664 mam
1029 2623 1131 2676 meam,
1145 2622 1227 2678 quam
1248 2615 1311 2661 ante
1325 2603 1445 2661 diuinam
1468 2602 1639 2673 majestatem
1664 2609 1738 2656 tnatn

100 2696 272 2754 scensionem
294 2705 368 2753 tuam
396 2697 431 2752 ad
454 2695 568 2767 interos,
591 2696 619 2753 in
642 2697 742 2769 quibus
760 2697 853 2755 ildeles
866 2706 896 2756 ct
943 2699 1074 2758 mundam
1089 2695 1330 2756 etimrnaculutant
1355 2703 1429 2751 stare
1448 2701 1620 2765 putaveram,
1635 2705 1739 2748 renerio

101 2788 288 2852 amicostuos,
305 2786 351 2858 qui
366 2785 442 2843 tcibi
459 2801 539 2843 suum
562 2787 748 2845 dulcissimum
773 2788 895 2846 lisdem·
943 2792 1056 2851 malitiae
1074 2789 1331 2863 etinlquitatisnon
1349 2800 1446 2858 parum
1467 2783 1596 2839 inlectam
1617 2782 1737 2839 invenio.

100 2875 260 2948 ptoremdiu
276 2882 515 2961 exspectauerant,
530 2876 661 2944 visitasti3
679 2877 793 2935 visitans
809 2893 824 2934 a
838 2879 894 2936 dte·
947 2882 1053 2954 Saepius
1064 2896 1130 2938 tero
1139 2880 1202 2939 dum
1216 2878 1299 2935 etiarn
1311 2892 1393 2932 cansa
1406 2873 1521 2943 alicuius
1534 2872 1661 2931 utilitatis
1675 2889 1738 2929 cutn

100 2967 225 3024 moniaca
245 2965 441 3033 dominatione,
455 2966 572 3039 gloriose
593 2968 764 3039 triumphant
787 2969 896 3028 miserl·
947 2975 1038 3046 aliquo
1048 2973 1122 3044 loqui
1133 2972 1244 3044 incipio,
1254 2969 1409 3037 statim,tel
1424 2976 1485 3038 post
1497 2980 1610 3037 partam
1621 2979 1736 3030 moram,

100 3059 220 3115 corditer
232 3058 356 3128 eripuisti
372 3075 380 3126 ;
403 3057 584 3116 internatibus
607 3058 687 3115 iuriis
700 3073 781 3115 suum
795 3060 896 3129 princi·
946 3064 974 3121 in
987 3063 1182 3121 detractionem
1193 3060 1315 3125 incurro,
1328 3058 1369 3115 tel
1383 3073 1433 3129 pro
1447 3056 1537 3129 aliqua
1553 3070 1584 3111 re
1596 3054 1738 3125 impuden-

100 3165 162 3220 pem
182 3150 306 3208 ualenter
330 3151 516 3216 incusantibus
542 3150 614 3222 quod
639 3158 674 3213 te,
690 3149 718 3206 in
729 3164 785 3222 quo
797 3150 832 3207 de
845 3165 895 3209 suo
945 3165 1148 3222 termurmnco,
1157 3153 1199 3211 tel
1210 3153 1276 3210 uitio
1290 3150 1457 3208 curiositatis
1470 3150 1568 3219 inepte
1576 3147 1737 3215 succumbo,

101 3238 169 3295 ”ihil
195 3239 348 3307 inionem.
376 3239 478 3312 iniuste
502 3238 693 3305 issffllfeoefffli
714 3254 764 3312 1)ῑο
782 3253 836 3311 qut
851 3240 894 3297 iss-
945 3249 989 3307 rel
1002 3248 1136 3307 ntalarum
1168 3246 1365 3318 cogitationum
1390 3242 1572 3313 turpitudines
1594 3248 1739 3311 motusque

97 3328 170 3401 iusta
187 3328 463 3400 coercendorum
478 3329 786 3405 tunctordeooutuuos
801 3331 894 3389 undio
946 3343 1056 3402 ttnctns
1071 3337 1302 3412 campotaneo
1317 3330 1738 3409 rmnranrtortnnsncssnne

100 3423 223 3493 captiuos
237 3433 264 3479 et
282 3424 340 3481 suis
351 3422 496 3481 infeliciter
512 3424 628 3481 vinculis
650 3424 773 3497 alligatos
800 3434 895 3483 tenuo·
944 3434 1120 3491 nemitorem
1147 3440 1228 3502 atque
1258 3431 1357 3486 itcrntn
1381 3428 1434 3483 beu
1459 3433 1542 3483 unm
1569 3421 1737 3489 infelicitati.

99 3523 172 3569 rant.
189 3514 317 3571 lliserere
335 3515 399 3581 mei,
414 3515 528 3571 bomine
543 3514 740 3573 dulcissimeet
753 3516 894 3589 benignis·
945 3534 1083 3595 raptaeqnc
1112 3521 1275 3592 perditinnil
1300 3519 1410 3583 l'ateor,
1438 3515 1596 3572 dulcissime
1623 3512 1698 3576 lesu,
1709 3519 1738 3569 ct

99 3603 473 3676 sinetesn,pecgloriosatn
493 3605 721 3661 ῐθίῦῐῐθῦῑῑθῦθῐΰ
740 3613 824 3673 mam,
839 3621 893 3675 ‘1¹¹²
943 3615 1173 3685 expandncoram
1202 3622 1229 3668 te
1252 3611 1409 3681 iniquitates
1436 3622 1521 3670 meas,
1557 3620 1625 3675 opttus
1664 3604 1738 3659 intus

103 3695 184 3751 ῑθῐῑῖί
208 3695 264 3759 dle.
287 3704 429 3768 b⁰⁸ill¹¹offl
455 3711 505 3767 blo
523 3695 712 3767 Ιίθθθᾶῑθῐῑὶίῦί
735 3695 842 3751 θῦθὶδίῑδ
853 3709 893 3762 0⁸.
943 3705 1045 3776 patitur
1058 3703 1154 3757 misera
1166 3702 1254 3755 artitna
1267 3714 1338 3754 mea.
1356 3698 1427 3753 burn
1451 3696 1523 3749 coint
1539 3709 1572 3750 ea
1585 3710 1645 3765 (πηο
1661 3704 1737 3749 retro

100 3786 241 3858 discipulis
254 3795 282 3842 ct
296 3785 394 3843 amicis
409 3786 463 3842 tuis
484 3786 519 3842 de
535 3793 579 3841 tua
594 3791 683 3841 morte
700 3783 853 3840 dolentibus
866 3793 895 3841 et
943 3804 1007 3850 suns
1019 3791 1181 3849 obliviscens
1192 3790 1226 3845 ad
1241 3804 1272 3845 ea
1283 3804 1343 3859 qnae
1355 3796 1419 3842 aitte
1444 3794 1508 3841 sunt
1532 3800 1575 3841 πηο
1590 3783 1737 3841 extendere

103 3878 185 3934 nimis
214 3878 321 3936 amictis
350 3878 429 3936 vicus
452 3877 655 3935 coronamus
682 3877 847 3950 apparuisti.
866 3886 895 3934 ct
943 3879 1150 3952 volomtqnctn
1168 3872 1646 3940 utsdnletsstntsrecordationibus,
1668 3889 1737 3944 quas

102 3985 150 4041 per
160 3971 316 4027 dulcissima
329 3971 464 4043 colloquia
486 3981 542 4039 tua,
564 3986 625 4042 natm
639 3985 701 4027 eum
725 3969 766 4027 eis
779 3969 893 4042 perdice
942 3975 1068 4047 superius
1081 3977 1308 4028 commemoratus
1322 3983 1394 4034 turn,
1407 3967 1510 4021 diutius
1522 3964 1545 4021 si
1561 3979 1668 4035 possem
1684 3964 1734 4036 inl.

101 4063 279 4132 quodraginta
304 4073 364 4133 post
398 4063 626 4120 resurrectionem
653 4071 727 4119 tuam
754 4062 893 4128 bronium
941 4063 1066 4141 possum]
1078 4062 1207 4120 delectari
1219 4062 1311 4135 cupio,
1325 4068 1409 4131 atque
1431 4073 1527 4116 omnes
1550 4057 1736 4129 cogitationes

101 4153 129 4209 in
148 4154 248 4224 quibus
263 4154 292 4207 io
305 4154 395 4209 ocultis
416 4155 577 4226 argonautis
597 4170 726 4226 appareat
744 4155 794 4222 eir,
813 4163 838 4209 st
853 4152 894 4211 lo-
943 4173 1020 4217 meas
1039 4157 1117 4230 quasi
1131 4156 1158 4213 in
1173 4153 1335 4213 fasciculum
1348 4151 1491 4224 colligens,
1507 4150 1580 4206 omni
1593 4147 1736 4221 perturba-

100 4244 319 4317 quemdamque
348 4244 408 4314 bet,
436 4259 538 4316 eosqtte
557 4244 750 4302 conlorlanset
767 4244 892 4303 refovens
906 4276 932 4339 υ
945 4252 1016 4309 done
1046 4249 1130 4307 animi
1157 4256 1273 4309 remota,
1299 4245 1440 4301 adbaerere
1464 4242 1521 4298 lieo
1546 4238 1736 4313 perseveranti

100 4345 125 4391 et
142 4351 204 4394 cunr
217 4335 367 4407 eissepius
391 4351 543 4393 consuerat
566 4336 636 4406 (det.
649 4350 671 4402 π,
685 4334 725 4407 ὅ),
739 4337 891 4408 premissis
943 4341 1146 4403 continuatione
1170 4338 1304 4404 desidero,
1320 4335 1409 4392 subito
1436 4335 1527 4392 nescio
1545 4348 1598 4404 qua
1625 4329 1736 4389 miseria

100 4428 312 4485 euidentissimis
325 4427 411 4500 signis
423 4437 450 4485 et
463 4428 580 4485 ueritate
600 4436 653 4485 true
678 4427 779 4497 carnit,
799 4429 825 4484 in
838 4444 892 4495 oua
945 4448 991 4491 me
999 4432 1084 4491 relaba
1096 4430 1130 4487 ad
1147 4426 1239 4486 inania
1252 4433 1281 4483 et
1292 4425 1373 4483 noxia
1390 4425 1529 4496 conspicio
1545 4431 1593 4481 :et
1608 4432 1736 4495 unquam

101 4530 218 4576 m⁰¹10¹¹¹
240 4534 336 4590 passus
366 4534 407 4586 ⁴³⁸·
430 4517 558 4575 witloni
582 4518 618 4576 ²¹)
646 4533 742 4577 eorum
766 4518 894 4576 totdiboo
945 4541 1021 4584 mors
1034 4525 1123 4584 subito
1136 4522 1183 4598 [ul.
1199 4519 1737 4597 subita]interliciens,telqttcmadmo-

100 4624 208 4666 omnem
236 4611 445 4678 dubitationem,
456 4611 491 4666 ad
506 4609 827 4667 ildcmetcredulltatem
842 4618 894 4668 tuse
946 4619 1011 4676 dnm
1036 4617 1113 4674 nanis
1136 4614 1260 4681 rabidus,
1274 4613 1321 4685 qui
1345 4628 1396 4669 nec
1417 4613 1593 4685 percussione
1613 4610 1738 4682 repulsus

103 4701 312 4759 resurrectionis
338 4701 472 4759 solidasti.
499 4700 629 4758 liiserere
652 4701 717 4769 mei,
737 4702 894 4758 dulcissime
946 4706 1272 4769 shoenmnspmtnts
1285 4719 1317 4763 ω
1336 4703 1738 4777 cempefflgoemgpgggaeu.

102 4792 217 4848 Ιίοιηίηο
230 4790 305 4859 lesu,
319 4808 369 4863 per
388 4792 575 4850 admirabilem
600 4793 785 4850 ascensionem
809 4803 895 4861 tuam,
947 4803 985 4860 110
998 4815 1106 4860 emnem
1119 4795 1738 4870 nanquittjuremsnimgomnemqge[0011.

101 4898 156 4954 quta
172 4882 310 4954 discipulis
334 4884 387 4941 tutis
397 4893 426 4942 et
439 4892 527 4941 matre
551 4892 596 4941 tua
610 4883 721 4957 Virgine
742 4883 897 4957 aspicienti·
946 4894 1068 4953 tudinem
1077 4893 1201 4963 inentia,
1215 4905 1296 4963 qnam
1309 4905 1354 4947 πηο
1365 4889 1511 4948 credebam
1538 4888 1650 4950 babere.
1675 4900 1738 4956 per·

103 4975 165 5041 bns,
180 4975 264 5033 coelos
274 4975 539 5045 petcns,ltumanam
560 4984 696 5044 naturam,
712 4991 793 5048 quam
815 4976 896 5034 mise·
946 4984 1038 5041 turbat
1050 4997 1083 5040 ac
1094 4982 1222 5039 destruit.
1235 4981 1270 5038 Et
1283 4980 1328 5052 qui
1344 4980 1472 5053 putabam
1489 4994 1532 5037 tnc
1545 4976 1659 5035 sorcin
1674 4989 1738 5033 aree

104 5065 247 5121 fitotdilor
273 5081 322 5136 ltro
343 5068 531 5153 otoooloriltoo
556 5075 770 5138 susceperam!
795 5067 821 5123 in
841 5082 894 5137 otta
946 5073 1141 5144 virtutumpro
1150 5070 1226 5129 anati
1241 5070 1325 5128 odore
1334 5083 1441 5134 earum,
1466 5068 1554 5125 sentin
1581 5063 1739 5122 intolerabi-

104 5165 218 5212 moriello
239 5172 334 5227 passus
358 5166 472 5237 moriem
496 5158 680 5224 decimatrus,
703 5155 737 5213 ad
755 5157 895 5215 dextetam
945 5164 998 5223 lem
1009 5181 1041 5221 nc
1052 5164 1220 5222 teterrimum
1229 5162 1344 5220 fetorem
1358 5163 1496 5219 viliorum.

103 5244 356 5304 Patriscollocasti.
372 5247 501 5306 llisccere
526 5249 591 5315 mei,
612 5246 896 5307 dulcissimcllomine
981 5254 1051 5324 Quid
1076 5270 1142 5327 ergo
1174 5254 1291 5322 luciam,
1329 5253 1485 5309 dulcissime
1518 5250 1631 5306 Domine
1660 5245 1738 5318 lesu,

101 5335 178 5402 lesu,
196 5355 244 5409 pcr
260 5339 404 5396 adventum
416 5338 502 5397 sancti
515 5338 644 5409 Spiritus,
658 5353 738 5410 quem
749 5339 818 5396 sicut
831 5353 894 5411 pro·
945 5355 1052 5403 amator
1083 5347 1222 5404 hominum
1251 5353 1420 5410 recreator,
1446 5342 1609 5400 reformator
1631 5351 1659 5398 et
1681 5340 1737 5398 tte-

102 5429 218 5488 tniseras
236 5430 374 5503 discipulis
389 5433 443 5488 tuis
461 5432 506 5490 die
518 5431 692 5490 Pcrttecostcs
707 5431 804 5489 ntisisti
818 5448 825 5489 :
839 5446 894 5502 quo
943 5435 1068 5510 demptor
1098 5435 1295 5511 peccatoruml
1319 5434 1379 5505 Quo
1405 5450 1449 5492 πηο
1475 5444 1636 5495 contortam
1654 5435 1738 5491 tantis

104 5518 206 5591 impleti
217 5531 244 5580 et
256 5525 493 5583 rcltcmcntissime
512 5523 669 5595 corrlortati,
695 5525 769 5583 οπηηί
796 5526 893 5584 timore
944 5528 1127 5587 circumdatas
1162 5528 1252 5596 malis,
1281 5528 1365 5585 tantis
1393 5525 1530 5586 innotans
1559 5527 1737 5601 pessimarum
