3690 6008
71 226 125 281 tta
563 216 626 272 itit.
643 215 686 271 ull
704 208 885 269 couctt‘rb'
906 209 1098 279 t’tttutb'att,
1116 211 1193 271 ETC.
1657 220 1710 277 450

72 353 167 402 rnauu,
181 316 222 392 rel
234 336 260 390 iu
270 333 357 404 pede:
375 346 425 386 nec
439 331 557 386 surditas
569 340 611 386 est
624 330 675 384 nisi
689 328 736 360 ⁸¹¹⁸
749 329 863 390 inaure,
881 331 904 389 Α
918 339 971 377 uon
987 333 1069 390 esset,
1091 328 1178 396 potuit
1202 328 1260 384 fieri
1286 329 1319 385 de
1339 329 1424 385 ddum
1438 330 1497 387 sine
1517 332 1590 387 omui
1606 336 1710 404 peceati

71 434 134 482 etim
159 425 240 480 bomo
259 423 358 479 dicitur
379 424 493 487 surdns;
518 423 555 477 ita
575 421 637 476 lieet
653 435 742 475 mussa
761 419 867 491 generis
918 417 1177 485 comminuentem
1196 417 1282 486 dieis,
1298 436 1348 474 cur
1370 434 1480 477 neeesse
1496 421 1546 478 luit
1570 423 1653 478 licum
1666 425 1711 479 in·

72 513 504 584 lnrmauiprecentriruominetur,
517 527 569 566 uon
584 512 712 566 tamenin
725 510 777 565 ulla
791 517 868 580 parte
918 507 1041 572 carnari;
1057 523 1119 562 eum
1143 519 1189 564 aut
1207 527 1254 580 per
1274 512 1357 567 niuun
1379 513 1472 578 talem,
1496 517 1541 584 qtti
1556 524 1628 571 esset
1650 517 1711 576 siue

71 607 132 677 ejus
154 614 195 660 est
219 615 357 674 peecatum
381 603 439 667 ⁸¹¹⁸,
463 604 528 668 nisi,¹
542 611 571 656 ut
592 602 660 666 dixi,
682 601 707 654 iu
728 600 868 655 uoluntate
918 600 1124 666 outnipeecuto,
1139 610 1230 671 posset
1243 613 1399 671 penatores
1414 605 1461 637 ³²⁵¹
1476 605 1546 660 [leus
1561 608 1710 663 redimere:

73 696 132 758 ⁸¹²⁸,
148 710 229 764 quoru
254 694 280 747 iu
296 693 368 747 nulla
383 694 430 726 ³¹³⁶
443 692 560 747 lruutiuis
575 693 753 761 conceptione
774 705 887 755 serueu,

72 787 175 843 babere
190 786 374 856 cognoscitur.
394 786 575 854 Quamobrem
596 783 666 837 uttlla
682 783 786 839 ratione
804 797 867 836 vera

73 887 121 934 aut
144 877 283 933 verisimili
305 878 519 942 contradicente,
540 876 563 931 si
587 874 794 931 considerentur
808 889 868 943 gun

72 969 243 1040 supradicta
268 979 342 1030 sunt,
359 967 417 1037 jaru
436 966 520 1022 libere
539 981 683 1038 possumus
705 963 868 1020 concludere

73 1062 137 1134 quia
163 1059 235 1114 utrlla
263 1061 343 1126 ratio,
370 1060 441 1115 nulla
463 1059 573 1123 ueritas,
601 1058 691 1112 nullus
714 1055 868 1111 intellectus

73 1153 208 1225 permittit
229 1151 264 1208 ad
291 1152 428 1209 bominem
447 1167 480 1207 ex
505 1151 562 1206 sola
579 1149 689 1220 Virgine
712 1149 758 1179 ⁸¹⁷⁷
773 1161 869 1202 conee-

73 1256 150 1316 pnun
177 1242 210 1297 de
228 1253 340 1313 peccato
366 1257 463 1298 massan
486 1241 656 1312 peccatricis,
684 1239 809 1309 utramuis
835 1238 869 1293 de

74 1337 175 1393 illusit
199 1347 365 1405 assumptus,
396 1334 499 1404 aliquid
523 1333 644 1404 petuisse
669 1340 717 1386 aut
743 1330 869 1386 debuisse

74 1431 219 1500 accedere,
231 1429 338 1485 etiarnsi
356 1443 410 1481 uon
425 1436 497 1482 essct
512 1425 592 1480 liuns.

370 1517 483 1573 CAPUT
504 1514 573 1570 xit.

74 1607 273 1676 carloman,
294 1618 317 1663 ιι
332 1607 379 1662 elt'i
393 1608 439 1677 gui
461 1605 582 1661 sirarib'ter
601 1605 719 1672 concepti
740 1614 801 1659 suut
823 1619 869 1674 per

110 1681 280 1747 ntirucnbnu,
297 1696 349 1733 nen
369 1678 421 1731 sint
437 1693 483 1746 per
499 1693 526 1729 se
538 1676 611 1729 liberi
627 1674 673 1706 ”ll
687 1693 703 1728 ιι
717 1683 833 1745 peccate.
884 1674 968 1750 Bene

110 1770 188 1837 Quod
203 1769 226 1824 si
244 1768 410 1839 obiiciunt-er
425 1763 491 1820 milri
506 1762 624 1820 loarutes
643 1762 764 1835 Baptista
778 1773 806 1818 et
824 1762 867 1818 alii

74 1861 122 1931 qrti
137 1861 170 1915 de
183 1859 330 1924 sterilibus,
344 1866 371 1912 et
381 1857 407 1911 iu
420 1855 530 1928 quibus,
542 1871 598 1927 prat
608 1865 758 1921 senectute,
772 1862 870 1911 natura

75 1951 224 2022 gerteraudi
244 1951 301 2022 jam
331 1956 392 2003 erat
416 1956 550 2010 emortua,
576 1946 721 2018 propagati
742 1955 816 2011 suut,
842 1953 871 2001 et

77 2040 153 2111 qrtasi
168 2054 217 2111 per
232 2038 349 2096 similem
363 2037 496 2093 rationein
512 2037 778 2106 putanturdebuisse
795 2035 871 2091 nasei

77 2133 139 2188 sine
153 2140 266 2202 peccato
279 2139 307 2185 et
328 2143 407 2202 poena
428 2128 545 2199 peceati,
565 2128 626 2199 quia
648 2143 696 2200 per
710 2127 869 2184 miraculum

77 2220 201 2291 concepti
218 2228 297 2285 suut;
313 2218 392 2274 raldo
407 2219 502 2288 utique
515 2217 690 2288 intelligendu
706 2223 749 2271 est
763 2216 798 2270 ab
810 2216 871 2273 istis

77 2311 178 2376 altena,
192 2311 262 2366 ratio
277 2309 321 2364 illa
336 2324 395 2380 quae
409 2307 569 2380 rirgiualeut
580 2309 786 2379 conceptionem
803 2310 872 2367 libe-

78 2415 138 2456 ram
160 2400 195 2456 ab
217 2399 290 2456 omui
315 2398 419 2469 peccati
444 2407 578 2453 monstrat
602 2399 775 2454 necessitate.
791 2398 872 2454 uliud

78 2502 120 2547 est
135 2492 208 2548 enirn
221 2490 322 2562 aliquid
336 2490 487 2546 inauditum
503 2490 550 2523 ⁸¹²⁰
564 2499 592 2545 ιι
606 2489 773 2560 inopinabile
792 2500 873 2563 atque

78 2593 185 2639 naturae
209 2582 375 2654 incognitum
398 2580 511 2637 lacere:
536 2592 564 2638 ct
584 2582 657 2637 aliud
678 2591 802 2638 naturam
825 2592 873 2640 aut
965 2595 968 2600 ·

78 2687 160 2731 atate
185 2684 232 2730 aut
252 2674 344 2745 aliquo
369 2674 435 2730 vitio
459 2673 626 2730 debilitatam
654 2690 768 2742 sanare,
794 2677 873 2732 etad

79 2786 157 2826 snum
173 2784 242 2841 opus
265 2784 404 2825 reuocare.
420 2767 487 2824 Nam
508 2769 531 2825 si
550 2769 635 2824 tilam
651 2786 703 2826 non
722 2778 873 2843 peccasset,

79 2860 230 2931 sicutipse
254 2859 328 2915 nulla
345 2866 494 2926 senectute,
518 2859 591 2915 nulla
617 2875 699 2916 causa
722 2862 874 2918 iullrmare·

81 2966 125 3011 tur
139 2954 186 2987 ³¹⁸*
200 2970 207 3008 ι
223 2954 264 3010 sic
283 2963 380 3008 natura
400 2953 568 3027 propagandi
582 2963 676 3009 ereata
691 2953 718 3007 iu
738 2953 784 3008 illo
799 2954 872 3010 etad

81 3046 224 3111 utendum,
238 3054 268 3100 ut
280 3045 335 3117 jam
354 3043 457 3100 dictum
473 3053 524 3109 est,
539 3041 598 3113 ejus
610 3043 739 3114 potestati
753 3043 871 3108 subdita,
886 3040 909 3103 C

81 3135 154 3192 nullo
173 3150 239 3191 casu
264 3151 279 3190 a
302 3148 351 3190 sue
373 3149 456 3190 eursu
471 3135 660 3204 impediretur.
683 3133 741 3192 Non
763 3150 828 3207 ergo
845 3135 873 3190 in

82 3226 196 3293 loauue,
223 3236 251 3282 et
275 3225 428 3292 siutilibus,
450 3233 493 3281 est
518 3225 620 3297 aliquid
642 3241 742 3282 novum
769 3238 875 3282 naturae

83 3320 160 3387 rldae,
176 3318 247 3375 sicut
269 3328 312 3374 est
334 3317 360 3372 in
378 3316 433 3372 lilio
455 3317 585 3390 Virginis,
602 3318 710 3385 datum;
731 3319 779 3375 sed
803 3318 875 3388 quod

83 3412 140 3468 suis
156 3411 247 3468 causis
262 3408 429 3465 indrmatum
447 3416 517 3476 erut,
532 3411 704 3480 cognoscitur
721 3423 782 3465 esse
798 3424 876 3479 repa·

84 3515 185 3561 ratum.
200 3503 290 3572 Quare
305 3503 431 3572 qnoniam
449 3501 486 3555 illi
510 3517 559 3572 per
580 3503 803 3574 propagationem
828 3518 877 3557 ua-

85 3596 200 3653 turalem
214 3593 306 3649 datam
320 3592 384 3648 lldae
399 3601 462 3647 sunt
474 3592 613 3663 generati,
631 3608 803 3665 nequaquam
815 3608 878 3664 pos·

85 3696 150 3745 suut
162 3697 210 3743 aut
224 3687 323 3743 debent
343 3684 368 3740 ei
384 3684 418 3739 de
440 3698 494 3754 que
516 3686 631 3754 agiurus,
652 3688 677 3740 iu
694 3684 879 3756 conceptionis

86 3779 230 3835 assimilari
254 3776 395 3840 miraculo,
421 3783 451 3830 ut
474 3774 509 3830 alt
533 3776 674 3847 originalis
698 3776 744 3809 ⁸¹⁸¹
773 3776 879 3833 riuculo

87 3871 192 3945 peccati
208 3869 322 3926 absoluti
339 3867 445 3939 possint
458 3869 564 3924 ostendi
582 3867 639 3923 ⁸¹⁸¹.

375 3958 490 4016 CAPUT
511 3961 590 4017 xttt.

88 4055 143 4112 Crtr
167 4054 423 4117 uenationum,
446 4067 504 4107 curu
527 4054 560 4108 de
582 4054 666 4108 ddum
685 4064 770 4123 protect
795 4057 882 4122 lucere

919 702 965 747 aut
981 700 1030 756 tot,
1050 701 1116 761 qrrot
1135 694 1282 748 necessarii
1301 704 1380 750 eraut
1398 695 1430 749 ad
1453 696 1646 767 perficiendam
1667 714 1712 752 su·

918 797 1029 851 pernam
1044 782 1194 849 civitatem,
1212 785 1336 840 immines
1351 787 1431 840 siutili
1449 788 1581 843 miraculo
1597 789 1713 843 lacere!

918 875 960 929 dd
979 874 1049 942 qarod
1070 874 1188 929 breuiter
1206 882 1358 945 respondeo
1373 877 1430 931 ⁸¹⁸³.
1455 878 1515 933 ldeo
1533 879 1604 934 licus
1625 881 1712 935 laetius

918 974 960 1021 est
973 968 1065 1032 lroruo,
1081 966 1210 1036 quianon
1234 967 1373 1024 sullieeret
1389 971 1422 1024 ad
1447 972 1618 1027 redimendus
1632 973 1712 1039 alies,

920 1063 990 1117 sieut
1014 1062 1042 1116 in
1065 1061 1195 1132 saepefato
1222 1065 1354 1135 opusculo
1382 1067 1429 1100 ⁸¹⁸⁸
1455 1079 1633 1125 monstratum
1660 1081 1712 1134 est,

920 1156 1001 1211 bomo
1016 1172 1068 1210 nou
1082 1156 1163 1211 licus.
1178 1157 1280 1213 ideirco
1294 1160 1376 1213 etiam
1388 1175 1441 1215 uon
1455 1160 1519 1215 leeit
1534 1171 1574 1216 tut
1589 1163 1713 1219 lmrttiuet

921 1246 1000 1312 tales,
1024 1257 1091 1316 qtrot
1114 1249 1261 1304 necessarii
1277 1260 1376 1305 erant:
1402 1252 1473 1305 nesi
1490 1250 1581 1308 nullns
1595 1252 1629 1308 de
1651 1269 1714 1323 pro·

920 1336 1063 1407 pagatioue
1076 1337 1193 1391 uattrrali
1206 1339 1368 1407 salvaretur,
1382 1341 1483 1398 lruslra
1499 1353 1623 1397 naturam
1639 1344 1712 1399 illaur

921 1427 948 1480 in
963 1426 1047 1481 Adam
1063 1427 1227 1492 condidisse,
1243 1439 1269 1485 et
1286 1434 1364 1500 quasi
1384 1433 1431 1465 ⁸¹⁸⁸
1451 1450 1504 1489 nnn
1519 1433 1638 1499 lecisset,
1653 1452 1715 1492 cor·

921 1519 1026 1575 rexisse
1052 1520 1215 1578 rideretur:
1245 1527 1317 1594 quod
1346 1542 1460 1585 sumruae
1493 1530 1631 1598 sapientire
1659 1546 1713 1588 nou

921 1614 1049 1670 contenit
1064 1615 1096 1671 de
1116 1616 1205 1688 aliqua
1229 1629 1326 1675 neuun
1343 1620 1442 1678 iacere.
1462 1621 1520 1678 Nou
1539 1623 1619 1694 leuge
1633 1639 1714 1696 supra

981 1703 1144 1776 investigare
1160 1711 1298 1779 proposui,
1315 1715 1451 1781 quemodo
1466 1728 1558 1771 senen
1575 1721 1739 1785 sumpunn·

920 1797 954 1852 de
970 1797 1093 1868 Virgine,
1120 1800 1146 1855 in
1171 1817 1225 1871 quo
1241 1812 1418 1877 monstratum
1444 1816 1503 1862 erat
1526 1808 1629 1863 nullum
1654 1824 1716 1865 esse

920 1896 1074 1958 peecatum,
1104 1889 1218 1947 liberum
1245 1907 1260 1946 a
1285 1895 1492 1952 necessitatibus
1519 1898 1671 1966 predictis,
1688 1899 1717 1954 itt

920 1981 1019 2050 quibus
1048 1996 1144 2039 omues
1169 1982 1238 2039 ulios
1267 1985 1391 2042 bomines
1421 1987 1527 2058 concipi
1553 2004 1714 2058 posueram,

920 2084 1012 2143 posset
1027 2072 1141 2144 intelligi
1154 2091 1162 2128 ε
1185 2083 1215 2131 et
1234 2076 1268 2133 de
1287 2076 1332 2132 illa
1348 2076 1457 2148 gaudem
1472 2081 1646 2146 necessitate,
1661 2097 1715 2152 qua

921 2176 1084 2233 recuperare
1108 2160 1256 2231 justitiam,
1279 2179 1360 2234 qtraru
1379 2168 1498 2223 deseruit
1523 2170 1640 2224 bumana
1669 2186 1718 2226 na·

922 2262 994 2317 tura,
1005 2268 1054 2323 per
1073 2269 1102 2309 se
1116 2255 1225 2323 neuuit3
1240 2258 1313 2312 etde
1327 2258 1382 2324 illa,
1398 2274 1450 2328 qua
1463 2275 1561 2331 eorpus
1572 2261 1630 2330 ⁸¹⁸⁸,
1645 2263 1717 2334 quod

922 2344 1116 2413 corrumpitur,
1135 2353 1264 2414 aggravat
1290 2346 1421 2414 aniutatn,
1447 2356 1475 2403 ct
1498 2348 1615 2403 ruaxime
1634 2350 1660 2404 iu
1676 2350 1718 2405 iu·

923 2431 1052 2498 lantibus,
1077 2431 1142 2487 illud
1159 2432 1267 2488 liberari
1294 2432 1340 2465 '¹⁸’
1364 2451 1454 2505 posse,
1483 2437 1546 2506 utria
1570 2439 1652 2494 lromo
1674 2437 1719 2495 tlte

925 2524 994 2578 Deus
1015 2533 1098 2589 esset,
1117 2524 1302 2592 conlidelnuu3
1322 2525 1344 2581 si
1359 2525 1434 2596 prius
1456 2525 1551 2581 abillo
1570 2528 1720 2585 necessitas

923 2619 1028 2688 peceati
1042 2627 1071 2673 et
1088 2618 1170 2673 debiti
1185 2617 1291 2674 ddecet
1310 2619 1496 2689 proximorum
1512 2619 1558 2652 ³⁰⁰
1572 2628 1715 2690 parentum

924 2709 1122 2765 rationabiliter
1151 2709 1325 2765 alienaretur.
1354 2710 1454 2781 lucoepi
1479 2712 1571 2783 itatpro
1595 2713 1662 2783 (lib.
1686 2712 1718 2784 r)

924 2813 1046 2868 quarere
1060 2798 1196 2870 quomedo
1206 2797 1308 2854 valeret
1321 2800 1372 2855 ltoe
1384 2800 1495 2871 intelligi
1510 2803 1543 2856 de
1556 2803 1719 2860 necessitate

924 2889 1029 2960 peceati
1040 2897 1068 2945 et
1085 2889 1168 2945 debiti
1180 2890 1260 2957 lldte3
1277 2898 1306 2944 ut
1319 2890 1352 2947 de
1369 2890 1429 2946 aliis
1442 2901 1535 2961 postea
1551 2892 1597 2925 ¹¹¹¹
1613 2893 1721 2951 lucilius

925 2980 996 3050 quod
1013 2981 1167 3051 querebam
1189 2980 1377 3038 iureuiretur:
1401 2991 1429 3039 et
1452 2981 1609 3041 abundante
1628 2983 1719 3055 gratia

927 3070 999 3127 illius
1011 3071 1045 3129 de
1067 3071 1144 3141 cnjus
1158 3072 1343 3142 conceptionis
1358 3074 1448 3144 agitur
1467 3074 1529 3144 (lib.
1545 3091 1566 3139 t,
1581 3091 1642 3146 cap.
1662 3075 1720 3149 tt),

928 3163 1059 3220 mutulitia
1082 3163 1184 3219 iactum
1212 3172 1263 3231 est,
1286 3173 1314 3220 ιιι
1338 3180 1392 3221 uon
1413 3165 1460 3198 ¹¹⁹¹
1484 3167 1565 3221 modo
1588 3167 1623 3222 ab
1644 3168 1721 3223 omni

929 3267 1052 3326 peccato,
1074 3263 1102 3312 et
1115 3255 1218 3322 debito,
1232 3265 1260 3312 et
1279 3257 1487 3314 necessitatibus
1503 3257 1581 3328 103
1602 3258 1722 3329 praetatis

928 3349 1042 3406 liberum
1062 3359 1292 3422 cognoscendum
1317 3351 1364 3407 sed
1389 3351 1502 3421 iusuper
1525 3351 1663 3406 bominem
1683 3352 1721 3408 ita

930 3452 1089 3512 conceptum
1114 3456 1175 3498 csse
1199 3443 1298 3499 debere
1315 3441 1457 3511 praedituut
1482 3456 1534 3497 uon
1558 3442 1657 3497 minori
1676 3441 1724 3475 ⁸¹⁸⁸

927 3533 1043 3603 justitia,
1069 3533 1112 3591 rel
1136 3534 1314 3600 beatitudine,
1337 3550 1417 3604 quam
1444 3534 1470 3589 in
1496 3550 1548 3604 qua
1571 3533 1722 3589 lactescat

930 3626 1026 3693 Adam,
1041 3625 1202 3695 intelligibili
1225 3604 1342 3691 ratione,
1365 3625 1449 3679 etiarn
1469 3623 1493 3678 si
1514 3639 1568 3679 neu
1589 3623 1660 3678 Deus
1675 3620 1723 3677 ted

932 3730 1014 3786 purus
1027 3715 1204 3780 hainoense,
1219 3716 1381 3785 probaretur
1394 3713 1452 3768 ³¹⁰⁸.
1465 3714 1604 3783 Siquidem
1620 3712 1724 3783 pariter

931 3805 1117 3862 irrationabile
1129 3805 1176 3837 Μ’
1189 3806 1405 3871 ridebatnr¹¹·⁸·‚
1414 3815 1441 3860 et
1452 3816 1594 3874 peecatum
1608 3809 1657 3857 aut
1670 3816 1723 3871 pm

932 3918 995 3957 nam
1003 3902 1105 3972 peccati
1120 3901 1153 3956 ab
1165 3901 1486 3971 ullis⁸¹”parentibusad
1500 3902 1574 3955 illurn
1583 3915 1632 3970 per
1643 3898 1724 3954 talen

932 3995 1153 4066 propagationem
1173 3994 1352 4061 descendere,
1374 4005 1401 4049 et
1423 3993 1507 4049 ileum
1524 4001 1620 4064 sponte
1643 3991 1727 4046 ratio·

933 4089 1051 4144 nubilem
1071 4101 1196 4147 rtaturnur
1215 4087 1354 4157 injustam,
1376 4095 1434 4151 ant,
1451 4085 1523 4141 nulla
1537 4085 1597 4156 ejus
1616 4094 1725 4154 pronae·

125 4128 241 4181 itetniuer
261 4142 312 4182 nou
335 4124 396 4179 deos
418 4122 474 4179 siue
498 4134 604 4195 peccato
626 4134 676 4190 tut,
698 4135 761 4193 quot
782 4125 883 4195 suffice·

125 4206 192 4251 rertt.

125 4287 249 4344 Forsitan
264 4289 336 4345 dicet
358 4288 472 4360 aliquis:
490 4288 518 4345 si
533 4303 617 4358 purus
635 4287 728 4353 bomo,
746 4288 791 4358 qui
813 4288 924 4360 Deutl)

937 4191 1012 4239 rente
1027 4182 1170 4252 injustitia,
1188 4182 1316 4239 miseram
1329 4181 1430 4237 lacere.

755 4461 871 4518 tantu:
891 4459 1091 4519 testicutes

128 4580 175 4614 ’Μ
197 4580 339 4647 Surditas,
366 4579 418 4635 uisi
446 4597 508 4634 ursa.
541 4578 609 4634 Tbn.
637 4591 661 4636 ιι
685 4575 760 4635 Edit.
791 4577 869 4634 Gotb.
897 4578 1016 4636 surditas
1045 4587 1087 4634 est
1112 4577 1162 4635 uisi
1236 4578 1282 4611 nn
1308 4576 1364 4633 Ulla
1397 4588 1475 4650 parte
1501 4577 1559 4650 ejus
1585 4552 1727 4651 peecatum

92 4669 159 4707 ruse.
187 4663 210 4706 et
238 4652 312 4706 Edit.
341 4648 419 4706 Gotb.
447 4649 500 4704 ulla
525 4659 604 4720 parte
630 4649 688 4719 ejus
714 4658 755 4704 est
782 4659 922 4720 peecatum
995 4651 1042 4682 ⁸¹⁷⁸
1076 4650 1104 4703 lu
1139 4647 1277 4704 rotnntate
1310 4648 1382 4705 Edit.
1418 4649 1495 4705 Galla.
1529 4652 1555 4705 in
1591 4649 1728 4721 voluptate

92 4711 141 4755 ³⁴⁹·
157 4722 222 4789 Quae
237 4722 264 4776 iu
278 4721 426 4777 nullamne.
444 4718 512 4774 Viet.
525 4735 609 4845 gnam
633 4721 660 4775 in
684 4720 756 4775 nulla
795 4720 841 4752 ⁸¹⁷⁷
859 4720 896 4775 lle
920 4719 1025 4792 uirgine
1050 4736 1112 4773 ntes.
1130 4734 1162 4773 es
1185 4719 1240 4773 sola
1257 4720 1363 4789 uirgine
1400 4721 1447 4758 ⁸¹⁷⁰
1460 4720 1513 4775 l‘er
1525 4737 1554 4775 te
1568 4721 1646 4775 liberi
1661 4736 1726 4777 mu.

97 4791 166 4846 Vici.
191 4790 265 4848 Geni.
289 4790 353 4846 Bec.
379 4801 402 4845 ιι
426 4788 500 4844 Edit.
549 4790 964 4860 orb.persclilteriapeceato
1001 4788 1452 4845 ⁸¹¹⁰1lliurleniurestinaurlitum
1465 4808 1530 4847 msa.
1549 4788 1728 4846 Vicucister.

94 4861 424 4932 aliudesteuimaliquid
453 4859 603 4915 inauditum
643 4860 1007 4917 ⁸¹⁸⁰lnbrmatusdelteeret
1029 4876 1092 4913 mss.
1116 4859 1301 4916 iulirntatctnr
1337 4860 1449 4916 ’Μαι
1461 4864 1496 4915 ab
1510 4862 1650 4933 originalis
1663 4876 1726 4915 nte.

94 4942 118 4986 ιι
140 4932 213 4988 Edit.
230 4930 307 4986 Gotb.
322 4941 351 4986 ut
366 4931 400 4985 ab
415 4929 555 5003 originalis
592 4930 638 4963 ¹¹⁸¹
652 4931 771 4987 Possunt
782 4930 888 4987 ostendi
903 4947 966 4985 mse.
980 4940 1004 4985 et
1020 4929 1095 4984 Edit.
1109 4928 1187 4984 lietb.
1203 4932 1308 5001 possint
1319 4931 1425 4987 ustetuli
1465 4930 1512 4963 ⁸¹⁸¹
1526 4931 1622 4987 Posset
1635 4945 1729 5001 pecca·

96 5013 171 5057 tures
182 5019 245 5059 rura.
262 5012 353 5072 posset
369 4999 440 5056 Deus
451 5010 608 5072 peccatores
683 5002 731 5040 ¹¹⁸⁸
747 5001 789 5057 dd
802 5003 860 5057 buze
874 5002 997 5058 breuiter
1009 5000 1180 5069 respondebo
1201 5018 1265 5055 ιιιιι.
1286 5003 1326 5055 lld
1349 5003 1421 5072 quod
1441 5001 1560 5056 breviter
1580 5000 1730 5068 rasponus

96 5072 144 5104 ¹¹¹⁸
159 5072 276 5131 reaturo
290 5070 420 5143 opusculo
434 5089 496 5127 ratas.
512 5071 607 5126 Giater.
631 5071 700 5128 Vict.
722 5088 792 5142 saepe
808 5071 864 5127 lato
876 5072 1009 5141 opusculo
1045 5070 1093 5102 ⁸¹⁸⁸
1108 5070 1142 5125 Et
1155 5072 1232 5141 utensi
1247 5073 1319 5141 quod
1340 5088 1389 5127 ιιι.
1406 5071 1473 5125 Τιιιι.
1488 5065 1551 5125 bib.
1565 5073 1638 5124 emit.
1656 5068 1729 5137 quod

96 5140 478 5225 ⁸¹”lionlengeaupraman
497 5140 843 5265 Tiamuunelerremsupra
918 5141 965 5174 ¹¹⁸⁸
988 5143 1024 5197 lle
1052 5140 1097 5196 illa
1127 5157 1188 5224 qun
1214 5157 1314 5212 eorpus
1336 5159 1399 5197 nau.
1431 5144 1465 5196 de
1487 5141 1531 5195 illa
1554 5155 1607 5208 quta
1632 5153 1730 5207 eorpus

97 5212 146 5246 ⁸¹⁸⁹
159 5213 236 5268 illum
252 5211 361 5268 liberarr
377 5229 440 5267 nass.
453 5223 477 5266 ιι
493 5211 563 5266 l’dtr.
581 5212 661 5268 Gotb.
676 5229 682 5268 r
697 5213 742 5267 lud
764 5213 876 5268 liberari
916 5210 964 5245 ⁸¹⁹·
985 5213 1051 5269 tldae
1066 5226 1252 5282 proarnrorum
1278 5230 1340 5266 ntes.
1360 5211 1426 5267 Vici.
1442 5209 1516 5264 Gerre.
1531 5208 1593 5264 Ber.
1615 5218 1640 5265 et
1654 5209 1727 5263 Edit.

97 5280 160 5339 Get.
173 5282 238 5338 Adae
252 5294 279 5337 et
289 5282 475 5352 proximorum
512 5281 559 5314 ¹¹⁹¹
574 5283 608 5339 lit
623 5286 656 5340 de
671 5282 732 5338 aliis
751 5292 780 5337 ut
791 5292 885 5352 postea
900 5299 965 5338 ursa.
979 5292 1009 5336 ut
1021 5284 1054 5338 de
1067 5282 1128 5337 aliis
1144 5291 1236 5353 postea
1247 5300 1295 5337 me.
1312 5281 1378 5337 tter.
1398 5281 1439 5335 tu.
1455 5290 1501 5333 aut
1516 5280 1549 5334 de
1560 5278 1620 5333 aliis
1634 5292 1728 5359 peena-

99 5354 146 5420 t'ut,
160 5363 191 5409 ut
202 5359 295 5437 postea
331 5351 378 5384 Μ’
387 5351 568 5423 Cnueeptione
581 5352 680 5425 agitur.
694 5353 826 5408 munditia
840 5354 940 5408 laetum
951 5362 993 5408 est
1006 5361 1035 5406 ut
1049 5362 1161 5408 uenite.
1174 5352 1352 5407 sasacrificii.
1366 5349 1732 5420 Gorbooueeptionisagrtur

99 5423 243 5489 muutlitm,
260 5422 360 5477 laetum
376 5431 462 5478 estut
478 5437 531 5477 non
549 5433 598 5477 ιιι.
611 5440 661 5478 rus.
683 5420 754 5477 Virt.
767 5424 812 5477 lb.
828 5425 1036 5495 cotteoptiouea
1059 5425 1112 5477 itur
1134 5423 1264 5479 munditia
1283 5421 1382 5477 laetmu
1397 5431 1438 5474 est
1458 5435 1510 5474 nou
1522 5432 1572 5474 ete.
1610 5419 1657 5451 ⁸¹⁸¹
1670 5422 1730 5475 bon

100 5494 200 5551 minori
213 5507 277 5549 utta.
295 5489 365 5547 vta.
381 5492 424 5547 lll.
438 5500 465 5547 et
480 5493 576 5547 mittori
595 5493 670 5547 Edit.
692 5492 774 5548 Gotb.
786 5507 840 5545 uun
854 5493 949 5565 majori
987 5439 1135 5549 'mqlomo
1151 5503 1234 5560 esset,
1250 5491 1410 5564 probaretur
1423 5507 1474 5545 rus.
1490 5488 1560 5546 Tim.
1570 5489 1733 5568 bblgltottlo

100 5576 161 5620 esse
175 5564 340 5633 prebaretur
375 5562 422 5595 Μ·
434 5561 540 5617 Pariter
556 5562 746 5618 irrationabile
759 5578 809 5617 uta.
827 5560 896 5619 Tira.
911 5561 974 5618 stt.
991 5564 1093 5633 pariter
1108 5563 1270 5620 rationabile
1303 5562 1361 5595 ⁸¹⁰⁸·
1379 5560 1527 5619 videbatur
1540 5578 1591 5618 me.
1612 5558 1680 5617 iret.
1699 5556 1733 5615 lb

100 5632 238 5692 ridebitur
273 5632 321 5666 ’Μ
333 5631 366 5689 Ει
380 5645 486 5705 poenant
499 5634 603 5704 peceati
619 5634 653 5691 ab
665 5633 718 5691 illis
732 5648 795 5688 uisa.
814 5641 862 5690 aut
873 5648 984 5713 ponant
999 5634 1102 5705 pcccati
1118 5635 1152 5692 ab
1168 5632 1230 5690 ullis
