<?xml version="1.0" encoding="UTF-8"?>
<!DOCTYPE html PUBLIC "-//W3C//DTD XHTML 1.0 Transitional//EN"
    "http://www.w3.org/TR/xhtml1/DTD/xhtml1-transitional.dtd">
<html xmlns="http://www.w3.org/1999/xhtml" xml:lang="en" lang="en">
 <head>
  <title>
</title>
<meta http-equiv="Content-Type" content="text/html;charset=utf-8" />
  <meta name='ocr-system' content='tesseract 3.04.00' />
  <meta name='ocr-capabilities' content='ocr_page ocr_carea ocr_par ocr_line ocrx_word'/>
</head>
<body>
  <div class='ocr_page' id='page_1' title='image "./patrologiaecurs55unkngoog_0523.png"; bbox 0 0 3690 6008; ppageno 0'>
   <div class='ocr_carea' id='block_1_1' title="bbox 99 184 1747 262">
    <p class='ocr_par' dir='ltr' id='par_1_1' title="bbox 99 184 1747 262">
     <span class='ocr_line' id='line_1_1' title="bbox 99 184 1747 262; baseline -0.01 0"><span class='ocrx_word' id='word_1_1' title='bbox 99 203 167 262; x_wconf 72' lang='lat' dir='ltr'>lost</span> <span class='ocrx_word' id='word_1_2' title='bbox 264 196 295 258; x_wconf 85' lang='lat' dir='ltr'>S.</span> <span class='ocrx_word' id='word_1_3' title='bbox 315 194 467 256; x_wconf 74' lang='lat' dir='ltr'>Adsumit</span> <span class='ocrx_word' id='word_1_4' title='bbox 486 191 665 252; x_wconf 76' lang='lat' dir='ltr'>cuntulit.</span> <span class='ocrx_word' id='word_1_5' title='bbox 684 184 939 247; x_wconf 42' lang='lat' dir='ltr'>institutione.</span> <span class='ocrx_word' id='word_1_6' title='bbox 956 186 1097 246; x_wconf 74' lang='lat' dir='ltr'>tonsu.</span> <span class='ocrx_word' id='word_1_7' title='bbox 1116 219 1152 232; x_wconf 91' lang='lat'>-</span> <span class='ocrx_word' id='word_1_8' title='bbox 1169 186 1557 247; x_wconf 68' lang='lat' dir='ltr'>neumnensium.</span> <span class='ocrx_word' id='word_1_9' title='bbox 1681 186 1747 246; x_wconf 69' lang='lat' dir='ltr'>lael</span> 
     </span>
    </p>
   </div>
   <div class='ocr_carea' id='block_1_2' title="bbox 22 301 1752 5685">
    <p class='ocr_par' dir='ltr' id='par_1_2' title="bbox 22 301 1752 2650">
     <span class='ocr_line' id='line_1_2' title="bbox 95 301 1749 377; baseline -0.008 -4"><span class='ocrx_word' id='word_1_10' title='bbox 95 317 211 374; x_wconf 86' lang='lat' dir='ltr'>suscitet</span> <span class='ocrx_word' id='word_1_11' title='bbox 224 312 373 377; x_wconf 86' lang='lat' dir='ltr'>dammam,</span> <span class='ocrx_word' id='word_1_12' title='bbox 391 309 479 365; x_wconf 87' lang='lat' dir='ltr'>instar</span> <span class='ocrx_word' id='word_1_13' title='bbox 497 305 665 364; x_wconf 86' lang='lat' dir='ltr'>admirabilis</span> <span class='ocrx_word' id='word_1_14' title='bbox 685 303 756 361; x_wconf 91' lang='lat' dir='ltr'>illius</span> <span class='ocrx_word' id='word_1_15' title='bbox 769 303 893 360; x_wconf 75' lang='lat' dir='ltr'>Mosaicae</span> <span class='ocrx_word' id='word_1_16' title='bbox 906 312 931 374; x_wconf 73' lang='grc' dir='ltr'><strong>Α</strong></span> <span class='ocrx_word' id='word_1_17' title='bbox 946 311 1010 371; x_wconf 82' lang='grc' dir='ltr'>ιιιι,</span> <span class='ocrx_word' id='word_1_18' title='bbox 1022 319 1084 377; x_wconf 77' lang='lat' dir='ltr'>qtae</span> <span class='ocrx_word' id='word_1_19' title='bbox 1097 312 1233 375; x_wconf 83' lang='lat' dir='ltr'>corruptae</span> <span class='ocrx_word' id='word_1_20' title='bbox 1245 304 1430 361; x_wconf 82' lang='lat' dir='ltr'>tantummodo</span> <span class='ocrx_word' id='word_1_21' title='bbox 1443 301 1603 362; x_wconf 83' lang='lat' dir='ltr'>volttntstis</span> <span class='ocrx_word' id='word_1_22' title='bbox 1613 309 1660 360; x_wconf 85' lang='lat' dir='ltr'>esi</span> <span class='ocrx_word' id='word_1_23' title='bbox 1674 303 1749 376; x_wconf 72' lang='lat' dir='ltr'>apt</span> 
     </span>
     <span class='ocr_line' id='line_1_3' title="bbox 96 391 1749 469; baseline -0.009 -6"><span class='ocrx_word' id='word_1_24' title='bbox 96 405 221 469; x_wconf 83' lang='lat' dir='ltr'>visionis,</span> <span class='ocrx_word' id='word_1_25' title='bbox 232 413 265 459; x_wconf 91' lang='lat' dir='ltr'>ut</span> <span class='ocrx_word' id='word_1_26' title='bbox 276 401 366 458; x_wconf 89' lang='lat' dir='ltr'>carnis</span> <span class='ocrx_word' id='word_1_27' title='bbox 376 407 476 456; x_wconf 84' lang='lat' dir='ltr'>nostrae</span> <span class='ocrx_word' id='word_1_28' title='bbox 489 394 693 452; x_wconf 83' lang='lat' dir='ltr'>mbusinnoxio</span> <span class='ocrx_word' id='word_1_29' title='bbox 703 395 764 466; x_wconf 77' lang='lat' dir='ltr'>igne</span> <span class='ocrx_word' id='word_1_30' title='bbox 773 394 888 449; x_wconf 90' lang='lat' dir='ltr'>circum·</span> <span class='ocrx_word' id='word_1_31' title='bbox 944 394 1018 461; x_wconf 87' lang='lat' dir='ltr'>tudo,</span> <span class='ocrx_word' id='word_1_32' title='bbox 1045 394 1080 449; x_wconf 92' lang='lat' dir='ltr'>de</span> <span class='ocrx_word' id='word_1_33' title='bbox 1106 409 1160 465; x_wconf 87' lang='lat' dir='ltr'>qua</span> <span class='ocrx_word' id='word_1_34' title='bbox 1181 392 1311 451; x_wconf 84' lang='lat' dir='ltr'><strong>Dominus</strong></span> <span class='ocrx_word' id='word_1_35' title='bbox 1325 395 1351 450; x_wconf 91' lang='lat' dir='ltr'>iu</span> <span class='ocrx_word' id='word_1_36' title='bbox 1375 392 1545 465; x_wconf 74' lang='lat' dir='ltr'>tit-anestia:</span> <span class='ocrx_word' id='word_1_37' title='bbox 1569 391 1633 460; x_wconf 75' lang='lat' dir='ltr'>Qut</span> <span class='ocrx_word' id='word_1_38' title='bbox 1658 391 1749 448; x_wconf 68' lang='lat' dir='ltr'>ameni</span> 
     </span>
     <span class='ocr_line' id='line_1_4' title="bbox 97 482 1750 555; baseline -0.005 -4"><span class='ocrx_word' id='word_1_39' title='bbox 97 496 177 551; x_wconf 84' lang='lat' dir='ltr'>datus</span> <span class='ocrx_word' id='word_1_40' title='bbox 197 508 250 548; x_wconf 91' lang='lat' dir='ltr'>noo</span> <span class='ocrx_word' id='word_1_41' title='bbox 268 499 363 547; x_wconf 90' lang='lat' dir='ltr'>uratur</span> <span class='ocrx_word' id='word_1_42' title='bbox 374 505 382 555; x_wconf 93' lang='lat'>;</span> <span class='ocrx_word' id='word_1_43' title='bbox 395 487 437 543; x_wconf 80' lang='lat' dir='ltr'>sel</span> <span class='ocrx_word' id='word_1_44' title='bbox 456 487 527 543; x_wconf 90' lang='lat' dir='ltr'>sicut</span> <span class='ocrx_word' id='word_1_45' title='bbox 541 485 648 542; x_wconf 91' lang='lat' dir='ltr'>iliorum</span> <span class='ocrx_word' id='word_1_46' title='bbox 659 484 741 540; x_wconf 91' lang='lat' dir='ltr'>trium</span> <span class='ocrx_word' id='word_1_47' title='bbox 750 482 891 554; x_wconf 82' lang='lat' dir='ltr'>juvenum,</span> <span class='ocrx_word' id='word_1_48' title='bbox 941 485 1077 540; x_wconf 84' lang='lat' dir='ltr'>mulierem</span> <span class='ocrx_word' id='word_1_49' title='bbox 1089 484 1124 538; x_wconf 85' lang='lat' dir='ltr'>od</span> <span class='ocrx_word' id='word_1_50' title='bbox 1136 483 1369 552; x_wconf 86' lang='lat' dir='ltr'>concupiscendum</span> <span class='ocrx_word' id='word_1_51' title='bbox 1380 501 1451 552; x_wconf 90' lang='lat' dir='ltr'>enm,</span> <span class='ocrx_word' id='word_1_52' title='bbox 1461 485 1526 555; x_wconf 76' lang='lat' dir='ltr'>jans</span> <span class='ocrx_word' id='word_1_53' title='bbox 1538 484 1699 540; x_wconf 79' lang='lat' dir='ltr'>moeclsmss</span> <span class='ocrx_word' id='word_1_54' title='bbox 1712 495 1750 542; x_wconf 81' lang='lat' dir='ltr'>est</span> 
     </span>
     <span class='ocr_line' id='line_1_5' title="bbox 96 572 1751 656; baseline -0.005 -18"><span class='ocrx_word' id='word_1_55' title='bbox 96 583 240 655; x_wconf 87' lang='lat' dir='ltr'>quibusita</span> <span class='ocrx_word' id='word_1_56' title='bbox 251 585 363 635; x_wconf 90' lang='lat' dir='ltr'>rorante</span> <span class='ocrx_word' id='word_1_57' title='bbox 374 576 476 648; x_wconf 84' lang='lat' dir='ltr'>Spiritu</span> <span class='ocrx_word' id='word_1_58' title='bbox 487 575 606 632; x_wconf 79' lang='lat' dir='ltr'>fornacis</span> <span class='ocrx_word' id='word_1_59' title='bbox 615 573 769 631; x_wconf 79' lang='lat' dir='ltr'>Chaldaieae</span> <span class='ocrx_word' id='word_1_60' title='bbox 784 572 891 628; x_wconf 84' lang='lat' dir='ltr'>lamna</span> <span class='ocrx_word' id='word_1_61' title='bbox 941 592 1000 632; x_wconf 85' lang='lat' dir='ltr'>eam</span> <span class='ocrx_word' id='word_1_62' title='bbox 1013 576 1041 630; x_wconf 91' lang='lat' dir='ltr'>in</span> <span class='ocrx_word' id='word_1_63' title='bbox 1057 573 1135 630; x_wconf 82' lang='lat' dir='ltr'>corde</span> <span class='ocrx_word' id='word_1_64' title='bbox 1146 590 1194 630; x_wconf 88' lang='lat' dir='ltr'>suo</span> <span class='ocrx_word' id='word_1_65' title='bbox 1207 573 1315 647; x_wconf 87' lang='lat' dir='ltr'>(llattlt.</span> <span class='ocrx_word' id='word_1_66' title='bbox 1330 589 1359 642; x_wconf 89' lang='grc' dir='ltr'>ι,</span> <span class='ocrx_word' id='word_1_67' title='bbox 1373 575 1430 656; x_wconf 66' lang='lat' dir='ltr'>iil).</span> <span class='ocrx_word' id='word_1_68' title='bbox 1444 573 1532 631; x_wconf 87' lang='lat' dir='ltr'>llulto</span> <span class='ocrx_word' id='word_1_69' title='bbox 1553 573 1639 632; x_wconf 86' lang='lat' dir='ltr'>enim</span> <span class='ocrx_word' id='word_1_70' title='bbox 1666 575 1751 647; x_wconf 70' lang='lat' dir='ltr'>uasis</span> 
     </span>
     <span class='ocr_line' id='line_1_6' title="bbox 96 662 1749 738; baseline -0.005 -11"><span class='ocrx_word' id='word_1_71' title='bbox 96 673 222 727; x_wconf 86' lang='lat' dir='ltr'>discussa</span> <span class='ocrx_word' id='word_1_72' title='bbox 236 677 288 736; x_wconf 88' lang='lat' dir='ltr'>est,</span> <span class='ocrx_word' id='word_1_73' title='bbox 304 677 333 723; x_wconf 93' lang='lat' dir='ltr'>ut</span> <span class='ocrx_word' id='word_1_74' title='bbox 347 682 381 723; x_wconf 92' lang='lat' dir='ltr'>ne</span> <span class='ocrx_word' id='word_1_75' title='bbox 395 667 506 738; x_wconf 83' lang='lat' dir='ltr'>capillos</span> <span class='ocrx_word' id='word_1_76' title='bbox 529 681 623 722; x_wconf 89' lang='lat' dir='ltr'>eorum</span> <span class='ocrx_word' id='word_1_77' title='bbox 637 662 815 720; x_wconf 86' lang='lat' dir='ltr'>autdmbrias</span> <span class='ocrx_word' id='word_1_78' title='bbox 826 663 893 718; x_wconf 87' lang='lat' dir='ltr'>odor</span> <span class='ocrx_word' id='word_1_79' title='bbox 942 676 987 722; x_wconf 87' lang='lat' dir='ltr'>est</span> <span class='ocrx_word' id='word_1_80' title='bbox 1000 665 1083 721; x_wconf 91' lang='lat' dir='ltr'>etiam</span> <span class='ocrx_word' id='word_1_81' title='bbox 1098 671 1161 720; x_wconf 92' lang='lat' dir='ltr'>tunc</span> <span class='ocrx_word' id='word_1_82' title='bbox 1172 664 1271 720; x_wconf 84' lang='lat' dir='ltr'>mentis</span> <span class='ocrx_word' id='word_1_83' title='bbox 1281 663 1390 721; x_wconf 78' lang='lat' dir='ltr'>lubrica</span> <span class='ocrx_word' id='word_1_84' title='bbox 1402 664 1573 721; x_wconf 87' lang='lat' dir='ltr'>desiderium</span> <span class='ocrx_word' id='word_1_85' title='bbox 1590 663 1749 733; x_wconf 81' lang='lat' dir='ltr'>continere,</span> 
     </span>
     <span class='ocr_line' id='line_1_7' title="bbox 97 754 1751 836; baseline -0.003 -17"><span class='ocrx_word' id='word_1_86' title='bbox 97 764 168 834; x_wconf 80' lang='lat' dir='ltr'>ignis</span> <span class='ocrx_word' id='word_1_87' title='bbox 189 761 314 827; x_wconf 82' lang='lat' dir='ltr'>alliaret;</span> <span class='ocrx_word' id='word_1_88' title='bbox 333 759 445 815; x_wconf 89' lang='lat' dir='ltr'>utillud</span> <span class='ocrx_word' id='word_1_89' title='bbox 468 758 669 836; x_wconf 88' lang='lat' dir='ltr'>quodammodo</span> <span class='ocrx_word' id='word_1_90' title='bbox 694 757 766 826; x_wconf 90' lang='lat' dir='ltr'>quod</span> <span class='ocrx_word' id='word_1_91' title='bbox 792 756 893 811; x_wconf 77' lang='lat' dir='ltr'>satietis</span> <span class='ocrx_word' id='word_1_92' title='bbox 942 771 1005 813; x_wconf 91' lang='lat' dir='ltr'>cum</span> <span class='ocrx_word' id='word_1_93' title='bbox 1019 756 1044 811; x_wconf 91' lang='lat' dir='ltr'>ci</span> <span class='ocrx_word' id='word_1_94' title='bbox 1058 755 1209 812; x_wconf 80' lang='lat' dir='ltr'>illecebrosi</span> <span class='ocrx_word' id='word_1_95' title='bbox 1233 766 1358 826; x_wconf 83' lang='lat' dir='ltr'>aspectus</span> <span class='ocrx_word' id='word_1_96' title='bbox 1368 754 1481 812; x_wconf 83' lang='lat' dir='ltr'>odcrtur</span> <span class='ocrx_word' id='word_1_97' title='bbox 1496 756 1632 812; x_wconf 77' lang='lat' dir='ltr'>occasio.</span> <span class='ocrx_word' id='word_1_98' title='bbox 1648 755 1751 824; x_wconf 81' lang='lat' dir='ltr'>Quibus</span> 
     </span>
     <span class='ocr_line' id='line_1_8' title="bbox 98 844 1751 922; baseline 0.001 -16"><span class='ocrx_word' id='word_1_99' title='bbox 98 851 298 921; x_wconf 71' lang='lat' dir='ltr'>repromittitur</span> <span class='ocrx_word' id='word_1_100' title='bbox 317 863 367 920; x_wconf 89' lang='lat' dir='ltr'>per</span> <span class='ocrx_word' id='word_1_101' title='bbox 393 849 570 920; x_wconf 83' lang='lat' dir='ltr'>Propltetam,</span> <span class='ocrx_word' id='word_1_102' title='bbox 599 847 761 917; x_wconf 82' lang='lat' dir='ltr'>incipiamus</span> <span class='ocrx_word' id='word_1_103' title='bbox 782 844 839 915; x_wconf 82' lang='lat' dir='ltr'>jaun</span> <span class='ocrx_word' id='word_1_104' title='bbox 864 846 892 902; x_wconf 91' lang='lat' dir='ltr'>in</span> <span class='ocrx_word' id='word_1_105' title='bbox 943 845 1164 903; x_wconf 77' lang='lat' dir='ltr'>manifestissime</span> <span class='ocrx_word' id='word_1_106' title='bbox 1188 848 1382 918; x_wconf 84' lang='lat' dir='ltr'>compmbatur</span> <span class='ocrx_word' id='word_1_107' title='bbox 1396 848 1431 903; x_wconf 87' lang='lat' dir='ltr'>ad</span> <span class='ocrx_word' id='word_1_108' title='bbox 1446 847 1661 921; x_wconf 86' lang='lat' dir='ltr'>perlectionem</span> <span class='ocrx_word' id='word_1_109' title='bbox 1679 850 1751 922; x_wconf 88' lang='lat' dir='ltr'>puri-</span> 
     </span>
     <span class='ocr_line' id='line_1_9' title="bbox 98 938 1751 1012; baseline -0.001 -13"><span class='ocrx_word' id='word_1_110' title='bbox 98 945 149 1000; x_wconf 91' lang='lat' dir='ltr'>boc</span> <span class='ocrx_word' id='word_1_111' title='bbox 164 957 278 1012; x_wconf 88' lang='lat' dir='ltr'>corpore</span> <span class='ocrx_word' id='word_1_112' title='bbox 294 942 435 1012; x_wconf 90' lang='lat' dir='ltr'>possidere</span> <span class='ocrx_word' id='word_1_113' title='bbox 447 955 456 995; x_wconf 75' lang='lat' dir='ltr'>t</span> <span class='ocrx_word' id='word_1_114' title='bbox 468 939 535 995; x_wconf 80' lang='lat' dir='ltr'>Cum</span> <span class='ocrx_word' id='word_1_115' title='bbox 550 939 726 995; x_wconf 84' lang='lat' dir='ltr'>cmislaneris</span> <span class='ocrx_word' id='word_1_116' title='bbox 738 954 785 1009; x_wconf 88' lang='lat' dir='ltr'>per</span> <span class='ocrx_word' id='word_1_117' title='bbox 793 938 892 1009; x_wconf 80' lang='lat' dir='ltr'>iqnem,</span> <span class='ocrx_word' id='word_1_118' title='bbox 942 941 1009 997; x_wconf 87' lang='lat' dir='ltr'>tatis</span> <span class='ocrx_word' id='word_1_119' title='bbox 1019 939 1210 996; x_wconf 84' lang='lat' dir='ltr'>castimoniam</span> <span class='ocrx_word' id='word_1_120' title='bbox 1227 939 1401 996; x_wconf 77' lang='lat' dir='ltr'>continentias</span> <span class='ocrx_word' id='word_1_121' title='bbox 1414 940 1574 1011; x_wconf 86' lang='lat' dir='ltr'>corporalis</span> <span class='ocrx_word' id='word_1_122' title='bbox 1590 940 1686 996; x_wconf 84' lang='lat' dir='ltr'>solum</span> <span class='ocrx_word' id='word_1_123' title='bbox 1701 957 1751 998; x_wconf 82' lang='lat' dir='ltr'>uas</span> 
     </span>
     <span class='ocr_line' id='line_1_10' title="bbox 97 1025 1751 1105; baseline -0.004 -17"><span class='ocrx_word' id='word_1_124' title='bbox 97 1050 150 1088; x_wconf 85' lang='lat' dir='ltr'>aton</span> <span class='ocrx_word' id='word_1_125' title='bbox 171 1032 342 1101; x_wconf 84' lang='lat' dir='ltr'>combureris,</span> <span class='ocrx_word' id='word_1_126' title='bbox 357 1040 382 1086; x_wconf 90' lang='lat' dir='ltr'>et</span> <span class='ocrx_word' id='word_1_127' title='bbox 400 1032 510 1100; x_wconf 71' lang='lat' dir='ltr'>tiammo</span> <span class='ocrx_word' id='word_1_128' title='bbox 532 1045 585 1084; x_wconf 91' lang='lat' dir='ltr'>nan</span> <span class='ocrx_word' id='word_1_129' title='bbox 603 1028 703 1084; x_wconf 81' lang='lat' dir='ltr'>ardebit</span> <span class='ocrx_word' id='word_1_130' title='bbox 724 1030 752 1082; x_wconf 91' lang='lat' dir='ltr'>in</span> <span class='ocrx_word' id='word_1_131' title='bbox 764 1036 789 1083; x_wconf 90' lang='grc' dir='ltr'>ιι</span> <span class='ocrx_word' id='word_1_132' title='bbox 804 1025 892 1100; x_wconf 82' lang='lat' dir='ltr'>(Puni.</span> <span class='ocrx_word' id='word_1_133' title='bbox 943 1047 1023 1105; x_wconf 73' lang='lat' dir='ltr'>passe</span> <span class='ocrx_word' id='word_1_134' title='bbox 1043 1029 1177 1098; x_wconf 71' lang='lat' dir='ltr'>sufficere,</span> <span class='ocrx_word' id='word_1_135' title='bbox 1191 1031 1243 1088; x_wconf 74' lang='lat' dir='ltr'>piei</span> <span class='ocrx_word' id='word_1_136' title='bbox 1262 1030 1288 1088; x_wconf 86' lang='lat' dir='ltr'>ei</span> <span class='ocrx_word' id='word_1_137' title='bbox 1305 1030 1388 1089; x_wconf 76' lang='lat' dir='ltr'>etiam</span> <span class='ocrx_word' id='word_1_138' title='bbox 1410 1033 1512 1089; x_wconf 75' lang='lat' dir='ltr'>mentis</span> <span class='ocrx_word' id='word_1_139' title='bbox 1534 1033 1665 1090; x_wconf 66' lang='lat' dir='ltr'>addatur</span> <span class='ocrx_word' id='word_1_140' title='bbox 1686 1034 1751 1092; x_wconf 67' lang='lat' dir='ltr'>inm.</span> 
     </span>
     <span class='ocr_line' id='line_1_11' title="bbox 98 1120 1752 1199; baseline 0.004 -19"><span class='ocrx_word' id='word_1_141' title='bbox 98 1140 177 1189; x_wconf 81' lang='lat' dir='ltr'>xnm,</span> <span class='ocrx_word' id='word_1_142' title='bbox 190 1125 231 1194; x_wconf 74' lang='lat'>2).</span> <span class='ocrx_word' id='word_1_143' title='bbox 251 1122 290 1179; x_wconf 85' lang='lat' dir='ltr'>De</span> <span class='ocrx_word' id='word_1_144' title='bbox 308 1124 359 1178; x_wconf 88' lang='lat' dir='ltr'>bac</span> <span class='ocrx_word' id='word_1_145' title='bbox 375 1122 545 1178; x_wconf 76' lang='lat' dir='ltr'>castimonie</span> <span class='ocrx_word' id='word_1_146' title='bbox 568 1120 689 1190; x_wconf 86' lang='lat' dir='ltr'>puritate</span> <span class='ocrx_word' id='word_1_147' title='bbox 715 1120 782 1190; x_wconf 90' lang='lat' dir='ltr'>quid</span> <span class='ocrx_word' id='word_1_148' title='bbox 797 1121 893 1174; x_wconf 88' lang='lat' dir='ltr'>beatus</span> <span class='ocrx_word' id='word_1_149' title='bbox 943 1125 1038 1198; x_wconf 68' lang='lat' dir='ltr'>grtias.</span> <span class='ocrx_word' id='word_1_150' title='bbox 1057 1123 1122 1179; x_wconf 84' lang='lat' dir='ltr'>Post</span> <span class='ocrx_word' id='word_1_151' title='bbox 1141 1124 1305 1195; x_wconf 78' lang='lat' dir='ltr'>quaomnia</span> <span class='ocrx_word' id='word_1_152' title='bbox 1320 1121 1499 1182; x_wconf 79' lang='lat' dir='ltr'>novissimum</span> <span class='ocrx_word' id='word_1_153' title='bbox 1515 1125 1601 1183; x_wconf 87' lang='lat' dir='ltr'>lilius</span> <span class='ocrx_word' id='word_1_154' title='bbox 1630 1128 1752 1199; x_wconf 84' lang='lat' dir='ltr'>corporis</span> 
     </span>
     <span class='ocr_line' id='line_1_12' title="bbox 97 1207 1752 1288; baseline -0.004 -19"><span class='ocrx_word' id='word_1_155' title='bbox 97 1213 243 1281; x_wconf 74' lang='lat' dir='ltr'>Apostolus</span> <span class='ocrx_word' id='word_1_156' title='bbox 266 1213 393 1280; x_wconf 75' lang='lat' dir='ltr'>sensetil,</span> <span class='ocrx_word' id='word_1_157' title='bbox 419 1211 575 1283; x_wconf 71' lang='lat' dir='ltr'>diligentius</span> <span class='ocrx_word' id='word_1_158' title='bbox 603 1210 781 1281; x_wconf 74' lang='lat' dir='ltr'>inquiramus.</span> <span class='ocrx_word' id='word_1_159' title='bbox 800 1207 894 1263; x_wconf 68' lang='lat' dir='ltr'>Hotlt&#39;·</span> <span class='ocrx_word' id='word_1_160' title='bbox 943 1216 1105 1280; x_wconf 80' lang='lat' dir='ltr'>membrum,</span> <span class='ocrx_word' id='word_1_161' title='bbox 1120 1224 1143 1269; x_wconf 83' lang='lat' dir='ltr'>et</span> <span class='ocrx_word' id='word_1_162' title='bbox 1155 1215 1305 1282; x_wconf 75' lang='lat' dir='ltr'>auaritiam,</span> <span class='ocrx_word' id='word_1_163' title='bbox 1319 1215 1415 1286; x_wconf 62' lang='lat' dir='ltr'>inquit,</span> <span class='ocrx_word' id='word_1_164' title='bbox 1431 1217 1531 1288; x_wconf 75' lang='lat' dir='ltr'>procul</span> <span class='ocrx_word' id='word_1_165' title='bbox 1553 1217 1752 1276; x_wconf 58' lang='lat' dir='ltr'>dubiosum.</span> 
     </span>
     <span class='ocr_line' id='line_1_13' title="bbox 98 1304 1751 1376; baseline -0.003 -16"><span class='ocrx_word' id='word_1_166' title='bbox 98 1307 186 1376; x_wconf 77' lang='lat' dir='ltr'>ticate,</span> <span class='ocrx_word' id='word_1_167' title='bbox 202 1305 300 1374; x_wconf 87' lang='lat' dir='ltr'>inquit,</span> <span class='ocrx_word' id='word_1_168' title='bbox 319 1304 436 1359; x_wconf 85' lang='lat' dir='ltr'>membra</span> <span class='ocrx_word' id='word_1_169' title='bbox 450 1312 678 1375; x_wconf 80' lang='lat' dir='ltr'>uestraqucesnnt</span> <span class='ocrx_word' id='word_1_170' title='bbox 692 1310 892 1372; x_wconf 86' lang='lat' dir='ltr'>superterram.</span> <span class='ocrx_word' id='word_1_171' title='bbox 944 1305 1011 1361; x_wconf 76' lang='lat' dir='ltr'>dens</span> <span class='ocrx_word' id='word_1_172' title='bbox 1024 1319 1078 1361; x_wconf 81' lang='lat' dir='ltr'>non</span> <span class='ocrx_word' id='word_1_173' title='bbox 1097 1305 1182 1361; x_wconf 76' lang='lat' dir='ltr'>solum</span> <span class='ocrx_word' id='word_1_174' title='bbox 1199 1305 1234 1360; x_wconf 75' lang='lat' dir='ltr'>ab</span> <span class='ocrx_word' id='word_1_175' title='bbox 1248 1307 1369 1376; x_wconf 75' lang='lat' dir='ltr'>appetitu</span> <span class='ocrx_word' id='word_1_176' title='bbox 1392 1322 1484 1363; x_wconf 72' lang='lat' dir='ltr'>rernm</span> <span class='ocrx_word' id='word_1_177' title='bbox 1510 1306 1677 1365; x_wconf 64' lang='lat' dir='ltr'>alienarum</span> <span class='ocrx_word' id='word_1_178' title='bbox 1697 1313 1751 1368; x_wconf 58' lang='grc' dir='ltr'>η).</span> 
     </span>
     <span class='ocr_line' id='line_1_14' title="bbox 22 1392 1750 1468; baseline 0.002 -15"><span class='ocrx_word' id='word_1_179' title='bbox 22 1419 29 1430; x_wconf 92' lang='grc'><em>·</em></span> <span class='ocrx_word' id='word_1_180' title='bbox 99 1397 157 1453; x_wconf 87' lang='lat' dir='ltr'>llon</span> <span class='ocrx_word' id='word_1_181' title='bbox 181 1398 275 1467; x_wconf 90' lang='lat' dir='ltr'>utique</span> <span class='ocrx_word' id='word_1_182' title='bbox 302 1397 422 1452; x_wconf 83' lang='lat' dir='ltr'>membra</span> <span class='ocrx_word' id='word_1_183' title='bbox 447 1395 570 1466; x_wconf 87' lang='lat' dir='ltr'>corporis</span> <span class='ocrx_word' id='word_1_184' title='bbox 598 1393 695 1460; x_wconf 87' lang='lat' dir='ltr'>nostri,</span> <span class='ocrx_word' id='word_1_185' title='bbox 724 1392 772 1447; x_wconf 88' lang='lat' dir='ltr'>sed</span> <span class='ocrx_word' id='word_1_186' title='bbox 795 1403 893 1460; x_wconf 89' lang='lat' dir='ltr'>corpus</span> <span class='ocrx_word' id='word_1_187' title='bbox 944 1406 1017 1447; x_wconf 92' lang='lat' dir='ltr'>mum</span> <span class='ocrx_word' id='word_1_188' title='bbox 1028 1394 1232 1460; x_wconf 88' lang='lat' dir='ltr'>continendum,</span> <span class='ocrx_word' id='word_1_189' title='bbox 1247 1408 1342 1451; x_wconf 86' lang='lat' dir='ltr'>uerum</span> <span class='ocrx_word' id='word_1_190' title='bbox 1365 1396 1448 1452; x_wconf 89' lang='lat' dir='ltr'>etiam</span> <span class='ocrx_word' id='word_1_191' title='bbox 1464 1399 1584 1468; x_wconf 85' lang='lat' dir='ltr'>propria</span> <span class='ocrx_word' id='word_1_192' title='bbox 1606 1401 1750 1468; x_wconf 71' lang='lat' dir='ltr'>magnani-</span> 
     </span>
     <span class='ocr_line' id='line_1_15' title="bbox 99 1481 1750 1562; baseline 0.001 -17"><span class='ocrx_word' id='word_1_193' title='bbox 99 1490 214 1562; x_wconf 87' lang='lat' dir='ltr'>pcccati,</span> <span class='ocrx_word' id='word_1_194' title='bbox 239 1488 312 1561; x_wconf 89' lang='lat' dir='ltr'>quod</span> <span class='ocrx_word' id='word_1_195' title='bbox 336 1494 489 1545; x_wconf 76' lang='lat' dir='ltr'>constater</span> <span class='ocrx_word' id='word_1_196' title='bbox 510 1485 649 1552; x_wconf 86' lang='lat' dir='ltr'>membris,</span> <span class='ocrx_word' id='word_1_197' title='bbox 666 1482 827 1555; x_wconf 90' lang='lat' dir='ltr'>quantocius</span> <span class='ocrx_word' id='word_1_198' title='bbox 847 1481 893 1537; x_wconf 91' lang='lat' dir='ltr'>dc·</span> <span class='ocrx_word' id='word_1_199' title='bbox 943 1482 1035 1548; x_wconf 87' lang='lat' dir='ltr'>miter,</span> <span class='ocrx_word' id='word_1_200' title='bbox 1048 1484 1256 1540; x_wconf 83' lang='lat' dir='ltr'>contemnenda.</span> <span class='ocrx_word' id='word_1_201' title='bbox 1268 1483 1326 1541; x_wconf 87' lang='lat' dir='ltr'>iloc</span> <span class='ocrx_word' id='word_1_202' title='bbox 1338 1485 1411 1540; x_wconf 91' lang='lat' dir='ltr'>enim</span> <span class='ocrx_word' id='word_1_203' title='bbox 1425 1495 1453 1542; x_wconf 91' lang='lat' dir='ltr'>et</span> <span class='ocrx_word' id='word_1_204' title='bbox 1463 1487 1491 1542; x_wconf 91' lang='lat' dir='ltr'>in</span> <span class='ocrx_word' id='word_1_205' title='bbox 1504 1486 1634 1545; x_wconf 80' lang='lat' dir='ltr'>Actibus</span> <span class='ocrx_word' id='word_1_206' title='bbox 1644 1498 1750 1560; x_wconf 84' lang='lat' dir='ltr'>aposto·</span> 
     </span>
     <span class='ocr_line' id='line_1_16' title="bbox 98 1571 1751 1654; baseline 0.001 -17"><span class='ocrx_word' id='word_1_207' title='bbox 98 1583 168 1637; x_wconf 91' lang='lat' dir='ltr'>strui</span> <span class='ocrx_word' id='word_1_208' title='bbox 197 1582 256 1637; x_wconf 83' lang='lat' dir='ltr'>zelo</span> <span class='ocrx_word' id='word_1_209' title='bbox 274 1580 401 1652; x_wconf 83' lang='lat' dir='ltr'>perieetae</span> <span class='ocrx_word' id='word_1_210' title='bbox 426 1579 562 1635; x_wconf 86' lang='lat' dir='ltr'>desiderat</span> <span class='ocrx_word' id='word_1_211' title='bbox 589 1577 753 1633; x_wconf 88' lang='lat' dir='ltr'>sanctitatis.</span> <span class='ocrx_word' id='word_1_212' title='bbox 780 1575 819 1630; x_wconf 83' lang='lat' dir='ltr'>De</span> <span class='ocrx_word' id='word_1_213' title='bbox 837 1589 892 1644; x_wconf 90' lang='lat' dir='ltr'>quo</span> <span class='ocrx_word' id='word_1_214' title='bbox 943 1571 1032 1630; x_wconf 91' lang='lat' dir='ltr'>lorttm</span> <span class='ocrx_word' id='word_1_215' title='bbox 1053 1574 1150 1632; x_wconf 88' lang='lat' dir='ltr'>iecisse</span> <span class='ocrx_word' id='word_1_216' title='bbox 1163 1574 1263 1647; x_wconf 79' lang='lat' dir='ltr'>legitur</span> <span class='ocrx_word' id='word_1_217' title='bbox 1280 1576 1449 1635; x_wconf 87' lang='lat' dir='ltr'>credentium</span> <span class='ocrx_word' id='word_1_218' title='bbox 1467 1579 1639 1648; x_wconf 87' lang='lat' dir='ltr'>multitudo,</span> <span class='ocrx_word' id='word_1_219' title='bbox 1653 1580 1689 1638; x_wconf 89' lang='lat' dir='ltr'>dc</span> <span class='ocrx_word' id='word_1_220' title='bbox 1701 1597 1751 1654; x_wconf 83' lang='lat' dir='ltr'>qus</span> 
     </span>
     <span class='ocr_line' id='line_1_17' title="bbox 99 1658 1751 1744; baseline -0.002 -16"><span class='ocrx_word' id='word_1_221' title='bbox 99 1686 214 1744; x_wconf 89' lang='lat' dir='ltr'>corpore</span> <span class='ocrx_word' id='word_1_222' title='bbox 231 1671 318 1727; x_wconf 87' lang='lat' dir='ltr'>alibi:</span> <span class='ocrx_word' id='word_1_223' title='bbox 337 1669 544 1735; x_wconf 84' lang='lat' dir='ltr'>Utdestruatur,</span> <span class='ocrx_word' id='word_1_224' title='bbox 572 1661 1068 1738; x_wconf 77' lang='lat' dir='ltr'>inquit,eorpuspeccatinieiturs</span> <span class='ocrx_word' id='word_1_225' title='bbox 1098 1658 1279 1721; x_wconf 81' lang='lat' dir='ltr'>Multitudinis</span> <span class='ocrx_word' id='word_1_226' title='bbox 1302 1677 1391 1722; x_wconf 84' lang='lat' dir='ltr'>eutem</span> <span class='ocrx_word' id='word_1_227' title='bbox 1426 1669 1601 1725; x_wconf 86' lang='lat' dir='ltr'>credentium</span> <span class='ocrx_word' id='word_1_228' title='bbox 1630 1681 1691 1727; x_wconf 84' lang='lat' dir='ltr'>eset</span> <span class='ocrx_word' id='word_1_229' title='bbox 1710 1688 1751 1727; x_wconf 82' lang='lat' dir='ltr'>cae</span> 
     </span>
     <span class='ocr_line' id='line_1_18' title="bbox 100 1754 1750 1834; baseline 0 -17"><span class='ocrx_word' id='word_1_230' title='bbox 100 1762 188 1834; x_wconf 81' lang='lat' dir='ltr'>tilam</span> <span class='ocrx_word' id='word_1_231' title='bbox 207 1778 244 1828; x_wconf 92' lang='grc' dir='ltr'>ιι,</span> <span class='ocrx_word' id='word_1_232' title='bbox 258 1763 297 1833; x_wconf 88' lang='grc'>6).</span> <span class='ocrx_word' id='word_1_233' title='bbox 318 1761 424 1832; x_wconf 73' lang='lat' dir='ltr'>Eique</span> <span class='ocrx_word' id='word_1_234' title='bbox 443 1761 480 1816; x_wconf 91' lang='lat' dir='ltr'>sit</span> <span class='ocrx_word' id='word_1_235' title='bbox 491 1760 549 1829; x_wconf 78' lang='lat' dir='ltr'>cius</span> <span class='ocrx_word' id='word_1_236' title='bbox 563 1759 713 1815; x_wconf 88' lang='lat' dir='ltr'>destructio</span> <span class='ocrx_word' id='word_1_237' title='bbox 726 1772 895 1829; x_wconf 90' lang='lat' dir='ltr'>consequen·</span> <span class='ocrx_word' id='word_1_238' title='bbox 946 1756 1063 1808; x_wconf 66' lang='lat' dir='ltr'>uosmet</span> <span class='ocrx_word' id='word_1_239' title='bbox 1078 1754 1168 1808; x_wconf 75' lang='lat' dir='ltr'>anima</span> <span class='ocrx_word' id='word_1_240' title='bbox 1181 1771 1244 1820; x_wconf 71' lang='lat' dir='ltr'>stlte,</span> <span class='ocrx_word' id='word_1_241' title='bbox 1262 1764 1425 1827; x_wconf 84' lang='lat' dir='ltr'>etc.‚usqtte</span> <span class='ocrx_word' id='word_1_242' title='bbox 1446 1759 1648 1815; x_wconf 74' lang='lat' dir='ltr'>dividebantur</span> <span class='ocrx_word' id='word_1_243' title='bbox 1668 1770 1750 1817; x_wconf 74' lang='lat' dir='ltr'>cutes</span> 
     </span>
     <span class='ocr_line' id='line_1_19' title="bbox 100 1835 1751 1924; baseline -0.001 -16"><span class='ocrx_word' id='word_1_244' title='bbox 100 1862 143 1908; x_wconf 90' lang='lat' dir='ltr'>ter</span> <span class='ocrx_word' id='word_1_245' title='bbox 165 1854 277 1924; x_wconf 76' lang='lat' dir='ltr'>exponit</span> <span class='ocrx_word' id='word_1_246' title='bbox 292 1871 300 1908; x_wconf 77' lang='lat' dir='ltr'>a</span> <span class='ocrx_word' id='word_1_247' title='bbox 318 1852 350 1907; x_wconf 81' lang='lat' dir='ltr'>Et</span> <span class='ocrx_word' id='word_1_248' title='bbox 362 1851 431 1922; x_wconf 77' lang='lat' dir='ltr'>jam,</span> <span class='ocrx_word' id='word_1_249' title='bbox 454 1852 552 1922; x_wconf 85' lang='lat' dir='ltr'>inquit,</span> <span class='ocrx_word' id='word_1_250' title='bbox 566 1867 618 1906; x_wconf 91' lang='lat' dir='ltr'>non</span> <span class='ocrx_word' id='word_1_251' title='bbox 637 1852 780 1906; x_wconf 82' lang='lat' dir='ltr'>senciamus</span> <span class='ocrx_word' id='word_1_252' title='bbox 791 1860 895 1921; x_wconf 85' lang='lat' dir='ltr'>peceato</span> <span class='ocrx_word' id='word_1_253' title='bbox 945 1843 1056 1915; x_wconf 83' lang='lat' dir='ltr'>sinqulis</span> <span class='ocrx_word' id='word_1_254' title='bbox 1075 1855 1153 1914; x_wconf 88' lang='lat' dir='ltr'>prout</span> <span class='ocrx_word' id='word_1_255' title='bbox 1177 1847 1270 1918; x_wconf 87' lang='lat' dir='ltr'>cuique</span> <span class='ocrx_word' id='word_1_256' title='bbox 1297 1835 1363 1919; x_wconf 79' lang='lat' dir='ltr'>opus</span> <span class='ocrx_word' id='word_1_257' title='bbox 1377 1858 1433 1903; x_wconf 86' lang='lat' dir='ltr'>erut</span> <span class='ocrx_word' id='word_1_258' title='bbox 1449 1847 1524 1920; x_wconf 83' lang='lat' dir='ltr'>(det.</span> <span class='ocrx_word' id='word_1_259' title='bbox 1539 1864 1579 1915; x_wconf 80' lang='lat' dir='ltr'>tr,</span> <span class='ocrx_word' id='word_1_260' title='bbox 1594 1850 1660 1920; x_wconf 77' lang='lat'>52).</span> <span class='ocrx_word' id='word_1_261' title='bbox 1674 1851 1708 1906; x_wconf 82' lang='lat' dir='ltr'>m</span> <span class='ocrx_word' id='word_1_262' title='bbox 1719 1866 1751 1908; x_wconf 85' lang='lat' dir='ltr'>ne</span> 
     </span>
     <span class='ocr_line' id='line_1_20' title="bbox 99 1935 1752 2017; baseline -0.003 -17"><span class='ocrx_word' id='word_1_263' title='bbox 99 1945 200 2017; x_wconf 75' lang='lat' dir='ltr'>(itte).</span> <span class='ocrx_word' id='word_1_264' title='bbox 213 1945 235 2001; x_wconf 80' lang='grc' dir='ltr'><strong>Δ</strong></span> <span class='ocrx_word' id='word_1_265' title='bbox 250 1944 400 2016; x_wconf 79' lang='lat' dir='ltr'>quostiam</span> <span class='ocrx_word' id='word_1_266' title='bbox 423 1943 535 1998; x_wconf 87' lang='lat' dir='ltr'>liberari</span> <span class='ocrx_word' id='word_1_267' title='bbox 555 1958 617 1999; x_wconf 90' lang='lat' dir='ltr'>cum</span> <span class='ocrx_word' id='word_1_268' title='bbox 641 1941 742 2012; x_wconf 84' lang='lat' dir='ltr'>ejulatu</span> <span class='ocrx_word' id='word_1_269' title='bbox 764 1940 895 2013; x_wconf 87' lang='lat' dir='ltr'>postulat,</span> <span class='ocrx_word' id='word_1_270' title='bbox 946 1935 980 1988; x_wconf 89' lang='lat' dir='ltr'>ad</span> <span class='ocrx_word' id='word_1_271' title='bbox 992 1948 1092 2003; x_wconf 83' lang='lat' dir='ltr'>paucos</span> <span class='ocrx_word' id='word_1_272' title='bbox 1110 1935 1248 2006; x_wconf 90' lang='lat' dir='ltr'>pertinere</span> <span class='ocrx_word' id='word_1_273' title='bbox 1276 1936 1416 1993; x_wconf 82' lang='lat' dir='ltr'>videretur</span> <span class='ocrx_word' id='word_1_274' title='bbox 1440 1938 1493 1993; x_wconf 87' lang='lat' dir='ltr'>ista</span> <span class='ocrx_word' id='word_1_275' title='bbox 1519 1937 1676 2010; x_wconf 79' lang='lat' dir='ltr'>perfectio,</span> <span class='ocrx_word' id='word_1_276' title='bbox 1691 1955 1752 1995; x_wconf 85' lang='lat' dir='ltr'>ara·</span> 
     </span>
     <span class='ocr_line' id='line_1_21' title="bbox 95 2026 1749 2106; baseline -0.001 -16"><span class='ocrx_word' id='word_1_277' title='bbox 95 2038 214 2093; x_wconf 82' lang='lat' dir='ltr'>dicens:</span> <span class='ocrx_word' id='word_1_278' title='bbox 230 2036 329 2106; x_wconf 71' lang='lat' dir='ltr'>inseiis</span> <span class='ocrx_word' id='word_1_279' title='bbox 348 2051 395 2106; x_wconf 88' lang='lat' dir='ltr'>eqo</span> <span class='ocrx_word' id='word_1_280' title='bbox 414 2035 576 2106; x_wconf 66' lang='lat' dir='ltr'>laeuaeque</span> <span class='ocrx_word' id='word_1_281' title='bbox 600 2032 773 2089; x_wconf 83' lang='lat' dir='ltr'>metileraltit</span> <span class='ocrx_word' id='word_1_282' title='bbox 796 2033 897 2087; x_wconf 86' lang='lat' dir='ltr'>decor·</span> <span class='ocrx_word' id='word_1_283' title='bbox 946 2026 1037 2082; x_wconf 84' lang='lat' dir='ltr'>ritiam</span> <span class='ocrx_word' id='word_1_284' title='bbox 1051 2026 1261 2084; x_wconf 85' lang='lat' dir='ltr'>simulacrorum</span> <span class='ocrx_word' id='word_1_285' title='bbox 1290 2029 1449 2086; x_wconf 80' lang='lat' dir='ltr'>servitutem</span> <span class='ocrx_word' id='word_1_286' title='bbox 1463 2044 1529 2087; x_wconf 89' lang='lat' dir='ltr'>esse</span> <span class='ocrx_word' id='word_1_287' title='bbox 1554 2039 1679 2089; x_wconf 85' lang='lat' dir='ltr'>testatus</span> <span class='ocrx_word' id='word_1_288' title='bbox 1698 2043 1749 2089; x_wconf 83' lang='grc' dir='ltr'>ιιι.</span> 
     </span>
     <span class='ocr_line' id='line_1_22' title="bbox 99 2113 1750 2201; baseline 0.001 -18"><span class='ocrx_word' id='word_1_289' title='bbox 99 2146 162 2200; x_wconf 84' lang='lat' dir='ltr'>pore</span> <span class='ocrx_word' id='word_1_290' title='bbox 175 2130 267 2185; x_wconf 86' lang='lat' dir='ltr'>mortis</span> <span class='ocrx_word' id='word_1_291' title='bbox 283 2127 390 2199; x_wconf 83' lang='lat' dir='ltr'>ltnjusi</span> <span class='ocrx_word' id='word_1_292' title='bbox 409 2127 497 2201; x_wconf 79' lang='lat' dir='ltr'>(Ram.</span> <span class='ocrx_word' id='word_1_293' title='bbox 515 2143 564 2192; x_wconf 88' lang='grc' dir='ltr'>ιιι,</span> <span class='ocrx_word' id='word_1_294' title='bbox 578 2125 637 2199; x_wconf 68' lang='lat' dir='ltr'>il.)</span> <span class='ocrx_word' id='word_1_295' title='bbox 656 2125 714 2181; x_wconf 89' lang='lat' dir='ltr'>iloc</span> <span class='ocrx_word' id='word_1_296' title='bbox 731 2125 823 2196; x_wconf 90' lang='lat' dir='ltr'>itaque</span> <span class='ocrx_word' id='word_1_297' title='bbox 834 2139 896 2194; x_wconf 86' lang='lat' dir='ltr'>pec·</span> <span class='ocrx_word' id='word_1_298' title='bbox 946 2113 1002 2170; x_wconf 68' lang='lat' dir='ltr'>Nec</span> <span class='ocrx_word' id='word_1_299' title='bbox 1030 2116 1178 2171; x_wconf 65' lang='grc' dir='ltr'>ῑῐῃῐιῑθῑῑῑθ·</span> <span class='ocrx_word' id='word_1_300' title='bbox 1209 2115 1338 2188; x_wconf 65' lang='lat' dir='ltr'>Quisslluiss</span> <span class='ocrx_word' id='word_1_301' title='bbox 1365 2117 1438 2173; x_wconf 59' lang='lat' dir='ltr'>essim</span> <span class='ocrx_word' id='word_1_302' title='bbox 1469 2133 1531 2181; x_wconf 74' lang='lat'><strong>¹¹⁰⁰.</strong></span> <span class='ocrx_word' id='word_1_303' title='bbox 1562 2121 1750 2176; x_wconf 65' lang='lat' dir='ltr'>wmfflunictl</span> 
     </span>
     <span class='ocr_line' id='line_1_23' title="bbox 99 2208 1748 2289; baseline -0.004 -17"><span class='ocrx_word' id='word_1_304' title='bbox 99 2218 268 2289; x_wconf 87' lang='lat' dir='ltr'>cuticorpus</span> <span class='ocrx_word' id='word_1_305' title='bbox 292 2217 387 2274; x_wconf 81' lang='lat' dir='ltr'>miultis</span> <span class='ocrx_word' id='word_1_306' title='bbox 408 2216 535 2272; x_wconf 85' lang='lat' dir='ltr'>vitiorum</span> <span class='ocrx_word' id='word_1_307' title='bbox 557 2216 688 2271; x_wconf 91' lang='lat' dir='ltr'>membris</span> <span class='ocrx_word' id='word_1_308' title='bbox 708 2214 839 2282; x_wconf 89' lang='lat' dir='ltr'>probatur</span> <span class='ocrx_word' id='word_1_309' title='bbox 849 2228 896 2270; x_wconf 83' lang='lat' dir='ltr'>ex·</span> <span class='ocrx_word' id='word_1_310' title='bbox 946 2208 1154 2264; x_wconf 89' lang='lat' dir='ltr'>necessitatibus</span> <span class='ocrx_word' id='word_1_311' title='bbox 1189 2222 1348 2278; x_wconf 76' lang='lat' dir='ltr'>egeuomm,</span> <span class='ocrx_word' id='word_1_312' title='bbox 1372 2218 1401 2267; x_wconf 89' lang='lat' dir='ltr'>et</span> <span class='ocrx_word' id='word_1_313' title='bbox 1424 2211 1553 2280; x_wconf 84' lang='lat' dir='ltr'>pecuniae</span> <span class='ocrx_word' id='word_1_314' title='bbox 1577 2228 1641 2269; x_wconf 78' lang='lat' dir='ltr'>suae</span> <span class='ocrx_word' id='word_1_315' title='bbox 1671 2227 1748 2283; x_wconf 86' lang='lat' dir='ltr'>qnam</span> 
     </span>
     <span class='ocr_line' id='line_1_24' title="bbox 100 2302 1746 2379; baseline 0 -17"><span class='ocrx_word' id='word_1_316' title='bbox 100 2316 246 2375; x_wconf 83' lang='lat' dir='ltr'>structum,</span> <span class='ocrx_word' id='word_1_317' title='bbox 263 2315 292 2362; x_wconf 89' lang='lat' dir='ltr'>et</span> <span class='ocrx_word' id='word_1_318' title='bbox 319 2306 424 2376; x_wconf 76' lang='lat' dir='ltr'>adeius</span> <span class='ocrx_word' id='word_1_319' title='bbox 440 2307 558 2362; x_wconf 76' lang='lat' dir='ltr'>attinere</span> <span class='ocrx_word' id='word_1_320' title='bbox 584 2306 747 2377; x_wconf 91' lang='lat' dir='ltr'>portionem,</span> <span class='ocrx_word' id='word_1_321' title='bbox 765 2304 896 2377; x_wconf 88' lang='lat' dir='ltr'>quidquid</span> <span class='ocrx_word' id='word_1_322' title='bbox 947 2302 1048 2359; x_wconf 88' lang='lat' dir='ltr'>inlideli</span> <span class='ocrx_word' id='word_1_323' title='bbox 1064 2305 1211 2360; x_wconf 86' lang='lat' dir='ltr'>tenacitate</span> <span class='ocrx_word' id='word_1_324' title='bbox 1224 2315 1378 2371; x_wconf 84' lang='lat' dir='ltr'>conseruat,</span> <span class='ocrx_word' id='word_1_325' title='bbox 1392 2302 1494 2361; x_wconf 85' lang='lat' dir='ltr'>Christi</span> <span class='ocrx_word' id='word_1_326' title='bbox 1520 2315 1664 2379; x_wconf 80' lang='lat' dir='ltr'>praccepta</span> <span class='ocrx_word' id='word_1_327' title='bbox 1676 2316 1746 2378; x_wconf 72' lang='lat' dir='ltr'>mst-</span> 
     </span>
     <span class='ocr_line' id='line_1_25' title="bbox 100 2392 1746 2469; baseline 0.001 -17"><span class='ocrx_word' id='word_1_328' title='bbox 100 2397 392 2465; x_wconf 72' lang='lat' dir='ltr'>adluctamenta,</span> <span class='ocrx_word' id='word_1_329' title='bbox 409 2397 452 2453; x_wconf 85' lang='lat' dir='ltr'>tel</span> <span class='ocrx_word' id='word_1_330' title='bbox 473 2397 640 2469; x_wconf 74' lang='lat' dir='ltr'>cogitatione</span> <span class='ocrx_word' id='word_1_331' title='bbox 657 2405 785 2468; x_wconf 91' lang='lat' dir='ltr'>peccatur</span> <span class='ocrx_word' id='word_1_332' title='bbox 798 2413 805 2450; x_wconf 92' lang='lat'>:</span> <span class='ocrx_word' id='word_1_333' title='bbox 819 2393 897 2465; x_wconf 79' lang='lat' dir='ltr'>cuijus</span> <span class='ocrx_word' id='word_1_334' title='bbox 947 2396 1034 2467; x_wconf 90' lang='lat' dir='ltr'>ponit,</span> <span class='ocrx_word' id='word_1_335' title='bbox 1056 2392 1220 2452; x_wconf 78' lang='lat' dir='ltr'>idololatriae</span> <span class='ocrx_word' id='word_1_336' title='bbox 1237 2395 1340 2452; x_wconf 89' lang='lat' dir='ltr'>crimen</span> <span class='ocrx_word' id='word_1_337' title='bbox 1362 2395 1487 2463; x_wconf 86' lang='lat' dir='ltr'>incurrit,</span> <span class='ocrx_word' id='word_1_338' title='bbox 1516 2407 1647 2454; x_wconf 86' lang='lat' dir='ltr'>amorem</span> <span class='ocrx_word' id='word_1_339' title='bbox 1677 2398 1746 2454; x_wconf 88' lang='lat' dir='ltr'>scili·</span> 
     </span>
     <span class='ocr_line' id='line_1_26' title="bbox 98 2485 1746 2561; baseline -0.001 -16"><span class='ocrx_word' id='word_1_340' title='bbox 98 2492 319 2561; x_wconf 85' lang='lat' dir='ltr'>tncmbrasuper</span> <span class='ocrx_word' id='word_1_341' title='bbox 333 2500 434 2546; x_wconf 85' lang='lat' dir='ltr'>terram</span> <span class='ocrx_word' id='word_1_342' title='bbox 449 2489 673 2545; x_wconf 87' lang='lat' dir='ltr'>rectissimeesse</span> <span class='ocrx_word' id='word_1_343' title='bbox 687 2486 895 2544; x_wconf 80' lang='lat' dir='ltr'>dicernuntton</span> <span class='ocrx_word' id='word_1_344' title='bbox 946 2493 991 2540; x_wconf 90' lang='lat' dir='ltr'>cet</span> <span class='ocrx_word' id='word_1_345' title='bbox 1015 2485 1138 2542; x_wconf 81' lang='lat' dir='ltr'>materiae</span> <span class='ocrx_word' id='word_1_346' title='bbox 1162 2485 1309 2542; x_wconf 87' lang='lat' dir='ltr'>mundialis</span> <span class='ocrx_word' id='word_1_347' title='bbox 1336 2485 1434 2542; x_wconf 80' lang='lat' dir='ltr'>diuinae</span> <span class='ocrx_word' id='word_1_348' title='bbox 1467 2486 1626 2559; x_wconf 67' lang='lat' dir='ltr'>praeterens</span> <span class='ocrx_word' id='word_1_349' title='bbox 1661 2489 1746 2546; x_wconf 85' lang='lat' dir='ltr'>cbari-</span> 
     </span>
     <span class='ocr_line' id='line_1_27' title="bbox 100 2575 1005 2650; baseline -0.004 -16"><span class='ocrx_word' id='word_1_350' title='bbox 100 2575 174 2634; x_wconf 90' lang='lat' dir='ltr'>enim</span> <span class='ocrx_word' id='word_1_351' title='bbox 189 2587 306 2650; x_wconf 88' lang='lat' dir='ltr'>possunt</span> <span class='ocrx_word' id='word_1_352' title='bbox 316 2579 334 2634; x_wconf 91' lang='lat' dir='ltr'>ii</span> <span class='ocrx_word' id='word_1_353' title='bbox 350 2579 396 2649; x_wconf 90' lang='lat' dir='ltr'>qui</span> <span class='ocrx_word' id='word_1_354' title='bbox 413 2592 508 2632; x_wconf 90' lang='lat' dir='ltr'>corum</span> <span class='ocrx_word' id='word_1_355' title='bbox 524 2587 638 2632; x_wconf 88' lang='lat' dir='ltr'>utuntur</span> <span class='ocrx_word' id='word_1_356' title='bbox 650 2577 804 2633; x_wconf 89' lang='lat' dir='ltr'>ministerio</span> <span class='ocrx_word' id='word_1_357' title='bbox 819 2577 894 2632; x_wconf 84' lang='lat' dir='ltr'>seri·</span> <span class='ocrx_word' id='word_1_358' title='bbox 946 2575 1005 2631; x_wconf 83' lang='lat' dir='ltr'>tuti.</span> 
     </span>
    </p>

    <p class='ocr_par' dir='ltr' id='par_1_3' title="bbox 100 2666 1746 5685">
     <span class='ocr_line' id='line_1_28' title="bbox 100 2666 1746 2740; baseline 0.003 -19"><span class='ocrx_word' id='word_1_359' title='bbox 100 2667 161 2723; x_wconf 89' lang='lat' dir='ltr'>dice</span> <span class='ocrx_word' id='word_1_360' title='bbox 184 2669 325 2739; x_wconf 86' lang='lat' dir='ltr'>proliteri:</span> <span class='ocrx_word' id='word_1_361' title='bbox 350 2667 450 2723; x_wconf 84' lang='lat' dir='ltr'>Nostra</span> <span class='ocrx_word' id='word_1_362' title='bbox 470 2676 558 2722; x_wconf 82' lang='lat' dir='ltr'>autern</span> <span class='ocrx_word' id='word_1_363' title='bbox 583 2668 745 2723; x_wconf 77' lang='lat' dir='ltr'>conuersatio</span> <span class='ocrx_word' id='word_1_364' title='bbox 767 2669 796 2723; x_wconf 87' lang='lat' dir='ltr'>in</span> <span class='ocrx_word' id='word_1_365' title='bbox 824 2666 895 2722; x_wconf 82' lang='lat' dir='ltr'>celis</span> <span class='ocrx_word' id='word_1_366' title='bbox 981 2666 1011 2723; x_wconf 88' lang='lat' dir='ltr'>ln</span> <span class='ocrx_word' id='word_1_367' title='bbox 1029 2674 1134 2723; x_wconf 90' lang='lat' dir='ltr'>tantum</span> <span class='ocrx_word' id='word_1_368' title='bbox 1162 2674 1254 2724; x_wconf 85' lang='lat' dir='ltr'>autem</span> <span class='ocrx_word' id='word_1_369' title='bbox 1291 2667 1390 2724; x_wconf 83' lang='lat' dir='ltr'>beatus</span> <span class='ocrx_word' id='word_1_370' title='bbox 1409 2666 1560 2740; x_wconf 77' lang='lat' dir='ltr'>Apostolus</span> <span class='ocrx_word' id='word_1_371' title='bbox 1588 2669 1746 2728; x_wconf 76' lang='lat' dir='ltr'>fornicatio-</span> 
     </span>
     <span class='ocr_line' id='line_1_29' title="bbox 100 2755 1745 2830; baseline 0.004 -20"><span class='ocrx_word' id='word_1_372' title='bbox 100 2768 138 2811; x_wconf 85' lang='grc' dir='ltr'>ιιι</span> <span class='ocrx_word' id='word_1_373' title='bbox 150 2757 284 2828; x_wconf 75' lang='lat' dir='ltr'>antttpp.</span> <span class='ocrx_word' id='word_1_374' title='bbox 299 2773 341 2823; x_wconf 89' lang='lat' dir='ltr'>m,</span> <span class='ocrx_word' id='word_1_375' title='bbox 367 2757 424 2830; x_wconf 78' lang='lat' dir='ltr'>lu).</span> <span class='ocrx_word' id='word_1_376' title='bbox 441 2755 527 2826; x_wconf 84' lang='lat' dir='ltr'>llajns</span> <span class='ocrx_word' id='word_1_377' title='bbox 554 2756 638 2828; x_wconf 76' lang='lat' dir='ltr'>igitur</span> <span class='ocrx_word' id='word_1_378' title='bbox 660 2757 784 2828; x_wconf 83' lang='lat' dir='ltr'>corporis</span> <span class='ocrx_word' id='word_1_379' title='bbox 801 2756 829 2813; x_wconf 92' lang='lat' dir='ltr'>iu</span> <span class='ocrx_word' id='word_1_380' title='bbox 843 2757 896 2823; x_wconf 82' lang='lat' dir='ltr'>buc</span> <span class='ocrx_word' id='word_1_381' title='bbox 945 2772 1007 2814; x_wconf 93' lang='lat' dir='ltr'>ncm</span> <span class='ocrx_word' id='word_1_382' title='bbox 1021 2756 1078 2813; x_wconf 87' lang='lat' dir='ltr'>site</span> <span class='ocrx_word' id='word_1_383' title='bbox 1099 2757 1301 2813; x_wconf 88' lang='lat' dir='ltr'>immunditiam</span> <span class='ocrx_word' id='word_1_384' title='bbox 1314 2757 1348 2813; x_wconf 88' lang='lat' dir='ltr'>de</span> <span class='ocrx_word' id='word_1_385' title='bbox 1361 2759 1464 2813; x_wconf 86' lang='lat' dir='ltr'>nostris</span> <span class='ocrx_word' id='word_1_386' title='bbox 1486 2760 1626 2816; x_wconf 84' lang='lat' dir='ltr'>membris</span> <span class='ocrx_word' id='word_1_387' title='bbox 1648 2765 1745 2817; x_wconf 86' lang='lat' dir='ltr'>exstir-</span> 
     </span>
     <span class='ocr_line' id='line_1_30' title="bbox 103 2847 1745 2921; baseline 0.002 -17"><span class='ocrx_word' id='word_1_388' title='bbox 103 2850 165 2904; x_wconf 91' lang='lat' dir='ltr'>loco</span> <span class='ocrx_word' id='word_1_389' title='bbox 179 2848 323 2920; x_wconf 76' lang='lat' dir='ltr'>apostolus</span> <span class='ocrx_word' id='word_1_390' title='bbox 336 2849 457 2905; x_wconf 84' lang='lat' dir='ltr'>mentbru</span> <span class='ocrx_word' id='word_1_391' title='bbox 467 2849 643 2906; x_wconf 86' lang='lat' dir='ltr'>describens:</span> <span class='ocrx_word' id='word_1_392' title='bbox 663 2847 834 2918; x_wconf 77' lang='lat' dir='ltr'>llertificate,</span> <span class='ocrx_word' id='word_1_393' title='bbox 849 2849 894 2904; x_wconf 91' lang='lat' dir='ltr'>in·</span> <span class='ocrx_word' id='word_1_394' title='bbox 945 2848 1006 2921; x_wconf 86' lang='lat' dir='ltr'>pari</span> <span class='ocrx_word' id='word_1_395' title='bbox 1025 2862 1106 2920; x_wconf 86' lang='lat' dir='ltr'>posse</span> <span class='ocrx_word' id='word_1_396' title='bbox 1131 2848 1254 2915; x_wconf 88' lang='lat' dir='ltr'>conlidit,</span> <span class='ocrx_word' id='word_1_397' title='bbox 1277 2858 1377 2905; x_wconf 92' lang='lat' dir='ltr'>utnon</span> <span class='ocrx_word' id='word_1_398' title='bbox 1399 2848 1487 2905; x_wconf 89' lang='lat' dir='ltr'>solum</span> <span class='ocrx_word' id='word_1_399' title='bbox 1512 2851 1676 2907; x_wconf 87' lang='lat' dir='ltr'>mortillcari</span> <span class='ocrx_word' id='word_1_400' title='bbox 1703 2868 1745 2917; x_wconf 83' lang='lat' dir='ltr'>ea.</span> 
     </span>
     <span class='ocr_line' id='line_1_31' title="bbox 101 2938 1746 3014; baseline 0.003 -20"><span class='ocrx_word' id='word_1_401' title='bbox 101 2941 172 3011; x_wconf 86' lang='lat' dir='ltr'>quit,</span> <span class='ocrx_word' id='word_1_402' title='bbox 185 2946 301 2997; x_wconf 84' lang='lat' dir='ltr'>mentire</span> <span class='ocrx_word' id='word_1_403' title='bbox 315 2951 400 2997; x_wconf 86' lang='lat' dir='ltr'>uestra</span> <span class='ocrx_word' id='word_1_404' title='bbox 411 2958 470 3014; x_wconf 83' lang='lat' dir='ltr'>que</span> <span class='ocrx_word' id='word_1_405' title='bbox 484 2951 545 2996; x_wconf 91' lang='lat' dir='ltr'>sunt</span> <span class='ocrx_word' id='word_1_406' title='bbox 555 2957 635 3012; x_wconf 89' lang='lat' dir='ltr'>super</span> <span class='ocrx_word' id='word_1_407' title='bbox 646 2940 894 3011; x_wconf 72' lang='lat' dir='ltr'>terramtiarnica·</span> <span class='ocrx_word' id='word_1_408' title='bbox 945 2938 1317 3011; x_wconf 83' lang='lat' dir='ltr'>sednunominariquidem</span> <span class='ocrx_word' id='word_1_409' title='bbox 1337 2941 1465 2998; x_wconf 88' lang='lat' dir='ltr'>innubis</span> <span class='ocrx_word' id='word_1_410' title='bbox 1487 2941 1588 2998; x_wconf 78' lang='lat' dir='ltr'>deluere</span> <span class='ocrx_word' id='word_1_411' title='bbox 1618 2959 1746 3013; x_wconf 93' lang='lat' dir='ltr'>pronun·</span> 
     </span>
     <span class='ocr_line' id='line_1_32' title="bbox 101 2999 1746 3104; baseline 0 -18"><span class='ocrx_word' id='word_1_412' title='bbox 101 3032 209 3100; x_wconf 87' lang='lat' dir='ltr'>tionem,</span> <span class='ocrx_word' id='word_1_413' title='bbox 242 3033 449 3100; x_wconf 77' lang='lat' dir='ltr'>immunditiam,</span> <span class='ocrx_word' id='word_1_414' title='bbox 481 3031 626 3100; x_wconf 63' lang='lat' dir='ltr'>libidinem,</span> <span class='ocrx_word' id='word_1_415' title='bbox 657 2999 1017 3104; x_wconf 73' lang='lat' dir='ltr'>concupiscentiamctlet:</span> <span class='ocrx_word' id='word_1_416' title='bbox 1044 3026 1210 3098; x_wconf 85' lang='lat' dir='ltr'>Fornicatio,</span> <span class='ocrx_word' id='word_1_417' title='bbox 1234 3029 1372 3100; x_wconf 83' lang='lat' dir='ltr'>inquiens,</span> <span class='ocrx_word' id='word_1_418' title='bbox 1398 3039 1424 3085; x_wconf 95' lang='grc' dir='ltr'>ιι</span> <span class='ocrx_word' id='word_1_419' title='bbox 1446 3032 1531 3085; x_wconf 82' lang='lat' dir='ltr'>anais</span> <span class='ocrx_word' id='word_1_420' title='bbox 1556 3031 1746 3099; x_wconf 78' lang='lat' dir='ltr'>immunditia,</span> 
     </span>
     <span class='ocr_line' id='line_1_33' title="bbox 101 3121 1743 3200; baseline 0 -21"><span class='ocrx_word' id='word_1_421' title='bbox 101 3124 199 3179; x_wconf 81' lang='lat' dir='ltr'>malane</span> <span class='ocrx_word' id='word_1_422' title='bbox 208 3133 232 3178; x_wconf 87' lang='grc' dir='ltr'>ιι</span> <span class='ocrx_word' id='word_1_423' title='bbox 246 3126 398 3191; x_wconf 73' lang='lat' dir='ltr'>ocentiam,</span> <span class='ocrx_word' id='word_1_424' title='bbox 417 3143 478 3198; x_wconf 83' lang='lat' dir='ltr'>qna·</span> <span class='ocrx_word' id='word_1_425' title='bbox 494 3136 532 3182; x_wconf 91' lang='grc' dir='ltr'>ιιι</span> <span class='ocrx_word' id='word_1_426' title='bbox 556 3126 759 3182; x_wconf 82' lang='lat' dir='ltr'>sintulaererutn</span> <span class='ocrx_word' id='word_1_427' title='bbox 785 3125 894 3180; x_wconf 84' lang='lat' dir='ltr'>seruitus</span> <span class='ocrx_word' id='word_1_428' title='bbox 945 3130 991 3175; x_wconf 91' lang='lat' dir='ltr'>aut</span> <span class='ocrx_word' id='word_1_429' title='bbox 1004 3121 1117 3200; x_wconf 78' lang='lat' dir='ltr'>maritis</span> <span class='ocrx_word' id='word_1_430' title='bbox 1139 3137 1186 3177; x_wconf 85' lang='lat' dir='ltr'>nec</span> <span class='ocrx_word' id='word_1_431' title='bbox 1206 3122 1356 3177; x_wconf 87' lang='lat' dir='ltr'>nominetur</span> <span class='ocrx_word' id='word_1_432' title='bbox 1366 3123 1394 3176; x_wconf 90' lang='lat' dir='ltr'>in</span> <span class='ocrx_word' id='word_1_433' title='bbox 1409 3122 1488 3189; x_wconf 72' lang='lat' dir='ltr'>nolin</span> <span class='ocrx_word' id='word_1_434' title='bbox 1509 3122 1667 3179; x_wconf 82' lang='lat' dir='ltr'>sicutdeeet</span> <span class='ocrx_word' id='word_1_435' title='bbox 1686 3141 1743 3179; x_wconf 75' lang='lat' dir='ltr'>sats</span> 
     </span>
     <span class='ocr_line' id='line_1_34' title="bbox 102 3210 1744 3291; baseline 0.002 -28"><span class='ocrx_word' id='word_1_436' title='bbox 102 3215 215 3289; x_wconf 67' lang='lat' dir='ltr'>(cotem,</span> <span class='ocrx_word' id='word_1_437' title='bbox 243 3232 287 3283; x_wconf 78' lang='lat' dir='ltr'>pn,</span> <span class='ocrx_word' id='word_1_438' title='bbox 305 3217 344 3291; x_wconf 81' lang='lat'>5),</span> <span class='ocrx_word' id='word_1_439' title='bbox 370 3219 463 3274; x_wconf 69' lang='lat' dir='ltr'>primo</span> <span class='ocrx_word' id='word_1_440' title='bbox 490 3220 583 3290; x_wconf 66' lang='lat' dir='ltr'>itaqua</span> <span class='ocrx_word' id='word_1_441' title='bbox 603 3219 663 3275; x_wconf 70' lang='lat'><strong>1000</strong></span> <span class='ocrx_word' id='word_1_442' title='bbox 691 3218 894 3289; x_wconf 63' lang='lat' dir='ltr'>formationem</span> <span class='ocrx_word' id='word_1_443' title='bbox 945 3219 1012 3277; x_wconf 84' lang='lat' dir='ltr'>ctos,</span> <span class='ocrx_word' id='word_1_444' title='bbox 1025 3219 1071 3265; x_wconf 91' lang='lat' dir='ltr'>aut</span> <span class='ocrx_word' id='word_1_445' title='bbox 1083 3210 1229 3282; x_wconf 79' lang='lat' dir='ltr'>turpitudo,</span> <span class='ocrx_word' id='word_1_446' title='bbox 1247 3220 1294 3265; x_wconf 88' lang='lat' dir='ltr'>aut</span> <span class='ocrx_word' id='word_1_447' title='bbox 1312 3210 1513 3282; x_wconf 79' lang='lat' dir='ltr'>stultiloquium,</span> <span class='ocrx_word' id='word_1_448' title='bbox 1532 3223 1580 3266; x_wconf 91' lang='lat' dir='ltr'>aut</span> <span class='ocrx_word' id='word_1_449' title='bbox 1592 3213 1744 3268; x_wconf 81' lang='lat' dir='ltr'>scurrilitas</span> 
     </span>
     <span class='ocr_line' id='line_1_35' title="bbox 101 3302 1742 3379; baseline 0.005 -18"><span class='ocrx_word' id='word_1_450' title='bbox 101 3306 216 3362; x_wconf 86' lang='lat' dir='ltr'>credidit</span> <span class='ocrx_word' id='word_1_451' title='bbox 232 3306 410 3377; x_wconf 82' lang='lat' dir='ltr'>interemtam,</span> <span class='ocrx_word' id='word_1_452' title='bbox 425 3324 485 3379; x_wconf 79' lang='lat' dir='ltr'>qrtae</span> <span class='ocrx_word' id='word_1_453' title='bbox 506 3308 608 3364; x_wconf 81' lang='lat' dir='ltr'>carnali</span> <span class='ocrx_word' id='word_1_454' title='bbox 632 3308 820 3364; x_wconf 82' lang='lat' dir='ltr'>commistione</span> <span class='ocrx_word' id='word_1_455' title='bbox 834 3322 895 3377; x_wconf 90' lang='lat' dir='ltr'>per·</span> <span class='ocrx_word' id='word_1_456' title='bbox 944 3318 1003 3374; x_wconf 82' lang='lat' dir='ltr'>quc·</span> <span class='ocrx_word' id='word_1_457' title='bbox 1014 3304 1051 3358; x_wconf 93' lang='lat' dir='ltr'>ad</span> <span class='ocrx_word' id='word_1_458' title='bbox 1065 3318 1119 3357; x_wconf 86' lang='lat' dir='ltr'>rem</span> <span class='ocrx_word' id='word_1_459' title='bbox 1131 3319 1183 3357; x_wconf 90' lang='lat' dir='ltr'>nan</span> <span class='ocrx_word' id='word_1_460' title='bbox 1194 3303 1304 3374; x_wconf 83' lang='lat' dir='ltr'>pertinet</span> <span class='ocrx_word' id='word_1_461' title='bbox 1316 3302 1426 3376; x_wconf 75' lang='lat' dir='ltr'>qeptea.</span> <span class='ocrx_word' id='word_1_462' title='bbox 1439 3319 1467 3367; x_wconf 77' lang='lat' dir='ltr'>v.</span> <span class='ocrx_word' id='word_1_463' title='bbox 1480 3303 1507 3368; x_wconf 75' lang='lat'>3.</span> <span class='ocrx_word' id='word_1_464' title='bbox 1524 3305 1566 3375; x_wconf 69' lang='grc'>4)-</span> <span class='ocrx_word' id='word_1_465' title='bbox 1582 3306 1654 3372; x_wconf 80' lang='lat' dir='ltr'>Qnae</span> <span class='ocrx_word' id='word_1_466' title='bbox 1664 3307 1742 3360; x_wconf 73' lang='lat' dir='ltr'>elilim</span> 
     </span>
     <span class='ocr_line' id='line_1_36' title="bbox 102 3391 1743 3467; baseline 0.005 -15"><span class='ocrx_word' id='word_1_467' title='bbox 102 3397 202 3453; x_wconf 89' lang='lat' dir='ltr'>licitur.</span> <span class='ocrx_word' id='word_1_468' title='bbox 237 3398 392 3453; x_wconf 78' lang='lat' dir='ltr'>Secundum</span> <span class='ocrx_word' id='word_1_469' title='bbox 412 3399 494 3454; x_wconf 88' lang='lat' dir='ltr'>etiam</span> <span class='ocrx_word' id='word_1_470' title='bbox 520 3398 672 3455; x_wconf 86' lang='lat' dir='ltr'>membrum</span> <span class='ocrx_word' id='word_1_471' title='bbox 700 3397 895 3452; x_wconf 87' lang='lat' dir='ltr'>immunditiam</span> <span class='ocrx_word' id='word_1_472' title='bbox 945 3392 1004 3461; x_wconf 75' lang='lat' dir='ltr'>poti</span> <span class='ocrx_word' id='word_1_473' title='bbox 1024 3391 1104 3447; x_wconf 78' lang='lat' dir='ltr'>m⁰d⁰</span> <span class='ocrx_word' id='word_1_474' title='bbox 1132 3392 1287 3462; x_wconf 58' lang='lat' dir='ltr'>peruidit-5³</span> <span class='ocrx_word' id='word_1_475' title='bbox 1307 3407 1380 3460; x_wconf 72' lang='lat'>⁰⁵⁵⁸,</span> <span class='ocrx_word' id='word_1_476' title='bbox 1398 3402 1427 3449; x_wconf 72' lang='lat'>0²</span> <span class='ocrx_word' id='word_1_477' title='bbox 1448 3394 1547 3466; x_wconf 53' lang='lat' dir='ltr'>&amp;tibiali</span> <span class='ocrx_word' id='word_1_478' title='bbox 1563 3411 1615 3451; x_wconf 76' lang='lat'><strong>¹¹⁰³</strong></span> <span class='ocrx_word' id='word_1_479' title='bbox 1631 3411 1648 3450; x_wconf 62' lang='grc' dir='ltr'>θ</span> <span class='ocrx_word' id='word_1_480' title='bbox 1663 3411 1743 3467; x_wconf 61' lang='grc' dir='ltr'>Νιιθ</span> 
     </span>
     <span class='ocr_line' id='line_1_37' title="bbox 102 3484 1736 3558; baseline 0.002 -18"><span class='ocrx_word' id='word_1_481' title='bbox 102 3486 280 3555; x_wconf 86' lang='lat' dir='ltr'>nuncupauit,</span> <span class='ocrx_word' id='word_1_482' title='bbox 312 3501 373 3557; x_wconf 84' lang='lat' dir='ltr'>qtttc</span> <span class='ocrx_word' id='word_1_483' title='bbox 407 3502 600 3558; x_wconf 88' lang='lat' dir='ltr'>nonnunquam</span> <span class='ocrx_word' id='word_1_484' title='bbox 637 3486 739 3556; x_wconf 86' lang='lat' dir='ltr'>absque</span> <span class='ocrx_word' id='word_1_485' title='bbox 774 3484 895 3540; x_wconf 88' lang='lat' dir='ltr'>mulieris</span> <span class='ocrx_word' id='word_1_486' title='bbox 944 3485 993 3540; x_wconf 83' lang='lat' dir='ltr'>ilci</span> <span class='ocrx_word' id='word_1_487' title='bbox 1003 3484 1160 3541; x_wconf 83' lang='lat' dir='ltr'>exclusione</span> <span class='ocrx_word' id='word_1_488' title='bbox 1173 3485 1308 3556; x_wconf 89' lang='lat' dir='ltr'>depellere</span> <span class='ocrx_word' id='word_1_489' title='bbox 1332 3487 1438 3556; x_wconf 89' lang='lat' dir='ltr'>edocet,</span> <span class='ocrx_word' id='word_1_490' title='bbox 1465 3488 1564 3544; x_wconf 88' lang='lat' dir='ltr'>dicens</span> <span class='ocrx_word' id='word_1_491' title='bbox 1579 3506 1587 3546; x_wconf 77' lang='grc' dir='ltr'>ι</span> <span class='ocrx_word' id='word_1_492' title='bbox 1603 3488 1736 3544; x_wconf 83' lang='lat' dir='ltr'>illudas·</span> 
     </span>
     <span class='ocr_line' id='line_1_38' title="bbox 102 3576 1740 3656; baseline 0.002 -24"><span class='ocrx_word' id='word_1_493' title='bbox 102 3585 176 3632; x_wconf 85' lang='lat' dir='ltr'>tactu</span> <span class='ocrx_word' id='word_1_494' title='bbox 190 3577 232 3631; x_wconf 79' lang='grc' dir='ltr'>ιιι</span> <span class='ocrx_word' id='word_1_495' title='bbox 240 3577 438 3633; x_wconf 88' lang='lat' dir='ltr'>dormientibus</span> <span class='ocrx_word' id='word_1_496' title='bbox 452 3578 494 3633; x_wconf 85' lang='lat' dir='ltr'>uel</span> <span class='ocrx_word' id='word_1_497' title='bbox 508 3579 684 3650; x_wconf 80' lang='lat' dir='ltr'>uigilantibus</span> <span class='ocrx_word' id='word_1_498' title='bbox 700 3587 749 3648; x_wconf 85' lang='lat' dir='ltr'>per</span> <span class='ocrx_word' id='word_1_499' title='bbox 761 3577 893 3632; x_wconf 86' lang='lat' dir='ltr'>incuriam</span> <span class='ocrx_word' id='word_1_500' title='bbox 945 3587 996 3630; x_wconf 86' lang='lat' dir='ltr'>tens</span> <span class='ocrx_word' id='word_1_501' title='bbox 1018 3577 1110 3631; x_wconf 85' lang='lat' dir='ltr'>scitote</span> <span class='ocrx_word' id='word_1_502' title='bbox 1132 3576 1203 3647; x_wconf 85' lang='lat' dir='ltr'>quod</span> <span class='ocrx_word' id='word_1_503' title='bbox 1221 3578 1306 3656; x_wconf 82' lang='lat' dir='ltr'>omnis</span> <span class='ocrx_word' id='word_1_504' title='bbox 1325 3577 1483 3648; x_wconf 70' lang='lat' dir='ltr'>fornicator,</span> <span class='ocrx_word' id='word_1_505' title='bbox 1505 3588 1554 3633; x_wconf 87' lang='lat' dir='ltr'>aut</span> <span class='ocrx_word' id='word_1_506' title='bbox 1578 3581 1740 3648; x_wconf 85' lang='lat' dir='ltr'>immundus,</span> 
     </span>
     <span class='ocr_line' id='line_1_39' title="bbox 103 3667 1742 3739; baseline 0.005 -18"><span class='ocrx_word' id='word_1_507' title='bbox 103 3667 337 3736; x_wconf 75' lang='lat' dir='ltr'>incircumspectae</span> <span class='ocrx_word' id='word_1_508' title='bbox 365 3667 464 3722; x_wconf 89' lang='lat' dir='ltr'>mentis</span> <span class='ocrx_word' id='word_1_509' title='bbox 476 3667 595 3737; x_wconf 87' lang='lat' dir='ltr'>obrepit.</span> <span class='ocrx_word' id='word_1_510' title='bbox 610 3667 645 3722; x_wconf 83' lang='lat' dir='ltr'>Et</span> <span class='ocrx_word' id='word_1_511' title='bbox 658 3667 720 3723; x_wconf 90' lang='lat' dir='ltr'>idco</span> <span class='ocrx_word' id='word_1_512' title='bbox 736 3675 846 3722; x_wconf 88' lang='lat' dir='ltr'>notatur</span> <span class='ocrx_word' id='word_1_513' title='bbox 863 3681 895 3721; x_wconf 92' lang='lat' dir='ltr'>ac</span> <span class='ocrx_word' id='word_1_514' title='bbox 945 3676 990 3721; x_wconf 81' lang='lat' dir='ltr'>aaut</span> <span class='ocrx_word' id='word_1_515' title='bbox 1005 3683 1112 3732; x_wconf 85' lang='lat' dir='ltr'>esurus,</span> <span class='ocrx_word' id='word_1_516' title='bbox 1135 3668 1205 3739; x_wconf 88' lang='lat' dir='ltr'>quod</span> <span class='ocrx_word' id='word_1_517' title='bbox 1231 3679 1269 3723; x_wconf 87' lang='lat' dir='ltr'>est</span> <span class='ocrx_word' id='word_1_518' title='bbox 1294 3669 1424 3724; x_wconf 89' lang='lat' dir='ltr'>idolerum</span> <span class='ocrx_word' id='word_1_519' title='bbox 1448 3671 1577 3738; x_wconf 81' lang='lat' dir='ltr'>seruitus,</span> <span class='ocrx_word' id='word_1_520' title='bbox 1599 3691 1653 3729; x_wconf 84' lang='lat' dir='ltr'>nest</span> <span class='ocrx_word' id='word_1_521' title='bbox 1674 3674 1742 3728; x_wconf 82' lang='lat' dir='ltr'>iulet</span> 
     </span>
     <span class='ocr_line' id='line_1_40' title="bbox 101 3756 1742 3837; baseline 0.005 -26"><span class='ocrx_word' id='word_1_522' title='bbox 101 3757 261 3830; x_wconf 86' lang='lat' dir='ltr'>prolriltctur</span> <span class='ocrx_word' id='word_1_523' title='bbox 286 3756 312 3813; x_wconf 89' lang='lat' dir='ltr'>in</span> <span class='ocrx_word' id='word_1_524' title='bbox 337 3756 406 3830; x_wconf 80' lang='lat' dir='ltr'>leqe,</span> <span class='ocrx_word' id='word_1_525' title='bbox 433 3774 494 3829; x_wconf 76' lang='lat' dir='ltr'>qum</span> <span class='ocrx_word' id='word_1_526' title='bbox 514 3759 669 3815; x_wconf 84' lang='lat' dir='ltr'>immundos</span> <span class='ocrx_word' id='word_1_527' title='bbox 696 3773 818 3831; x_wconf 83' lang='lat' dir='ltr'>quosque</span> <span class='ocrx_word' id='word_1_528' title='bbox 841 3771 894 3812; x_wconf 90' lang='lat' dir='ltr'>rtott</span> <span class='ocrx_word' id='word_1_529' title='bbox 944 3758 1124 3814; x_wconf 73' lang='lat' dir='ltr'>hereditatem</span> <span class='ocrx_word' id='word_1_530' title='bbox 1152 3762 1178 3814; x_wconf 91' lang='lat' dir='ltr'>in</span> <span class='ocrx_word' id='word_1_531' title='bbox 1200 3777 1279 3832; x_wconf 80' lang='lat' dir='ltr'>ecquo</span> <span class='ocrx_word' id='word_1_532' title='bbox 1307 3760 1404 3817; x_wconf 77' lang='lat' dir='ltr'>Christi</span> <span class='ocrx_word' id='word_1_533' title='bbox 1421 3771 1446 3818; x_wconf 95' lang='grc' dir='ltr'>ιι</span> <span class='ocrx_word' id='word_1_534' title='bbox 1469 3762 1522 3818; x_wconf 80' lang='lat' dir='ltr'>Dei</span> <span class='ocrx_word' id='word_1_535' title='bbox 1547 3766 1640 3837; x_wconf 73' lang='lat' dir='ltr'>(itud,</span> <span class='ocrx_word' id='word_1_536' title='bbox 1653 3765 1693 3837; x_wconf 86' lang='grc'>5).</span> <span class='ocrx_word' id='word_1_537' title='bbox 1713 3767 1742 3820; x_wconf 80' lang='lat' dir='ltr'>Et</span> 
     </span>
     <span class='ocr_line' id='line_1_41' title="bbox 101 3851 1741 3933; baseline 0.005 -26"><span class='ocrx_word' id='word_1_538' title='bbox 101 3852 189 3907; x_wconf 89' lang='lat' dir='ltr'>solum</span> <span class='ocrx_word' id='word_1_539' title='bbox 212 3867 353 3907; x_wconf 85' lang='lat' dir='ltr'>sacramm</span> <span class='ocrx_word' id='word_1_540' title='bbox 379 3853 501 3908; x_wconf 86' lang='lat' dir='ltr'>carttium</span> <span class='ocrx_word' id='word_1_541' title='bbox 530 3854 739 3924; x_wconf 85' lang='lat' dir='ltr'>participatione</span> <span class='ocrx_word' id='word_1_542' title='bbox 767 3853 893 3926; x_wconf 80' lang='lat' dir='ltr'>privavit,</span> <span class='ocrx_word' id='word_1_543' title='bbox 951 3851 1049 3908; x_wconf 86' lang='lat' dir='ltr'>lterum</span> <span class='ocrx_word' id='word_1_544' title='bbox 1073 3872 1079 3907; x_wconf 93' lang='lat'><strong>:</strong></span> <span class='ocrx_word' id='word_1_545' title='bbox 1107 3851 1197 3910; x_wconf 87' lang='lat' dir='ltr'>Nolite</span> <span class='ocrx_word' id='word_1_546' title='bbox 1219 3872 1308 3910; x_wconf 86' lang='lat' dir='ltr'>errare</span> <span class='ocrx_word' id='word_1_547' title='bbox 1331 3869 1441 3927; x_wconf 82' lang='lat' dir='ltr'>:neque</span> <span class='ocrx_word' id='word_1_548' title='bbox 1469 3857 1630 3928; x_wconf 70' lang='lat' dir='ltr'>fornicarii,</span> <span class='ocrx_word' id='word_1_549' title='bbox 1668 3877 1741 3933; x_wconf 80' lang='lat' dir='ltr'>neque</span> 
     </span>
     <span class='ocr_line' id='line_1_42' title="bbox 102 3943 1742 4020; baseline 0.007 -23"><span class='ocrx_word' id='word_1_550' title='bbox 102 3957 197 3997; x_wconf 83' lang='lat' dir='ltr'>uerum</span> <span class='ocrx_word' id='word_1_551' title='bbox 222 3943 304 3997; x_wconf 89' lang='lat' dir='ltr'>etiam</span> <span class='ocrx_word' id='word_1_552' title='bbox 321 3958 355 3998; x_wconf 88' lang='lat' dir='ltr'>nc</span> <span class='ocrx_word' id='word_1_553' title='bbox 368 3952 495 3999; x_wconf 87' lang='lat' dir='ltr'>cotttactu</span> <span class='ocrx_word' id='word_1_554' title='bbox 515 3959 565 4000; x_wconf 91' lang='lat' dir='ltr'>suo</span> <span class='ocrx_word' id='word_1_555' title='bbox 583 3956 679 4000; x_wconf 89' lang='lat' dir='ltr'>sancta</span> <span class='ocrx_word' id='word_1_556' title='bbox 704 3944 894 4015; x_wconf 89' lang='lat' dir='ltr'>polluerent,a</span> <span class='ocrx_word' id='word_1_557' title='bbox 944 3944 1022 3999; x_wconf 88' lang='lat' dir='ltr'>idolis</span> <span class='ocrx_word' id='word_1_558' title='bbox 1034 3947 1183 4012; x_wconf 80' lang='lat' dir='ltr'>servientes,</span> <span class='ocrx_word' id='word_1_559' title='bbox 1204 3962 1286 4018; x_wconf 88' lang='lat' dir='ltr'>neque</span> <span class='ocrx_word' id='word_1_560' title='bbox 1299 3947 1423 4014; x_wconf 81' lang='lat' dir='ltr'>adulteri,</span> <span class='ocrx_word' id='word_1_561' title='bbox 1440 3965 1525 4020; x_wconf 87' lang='lat' dir='ltr'>neque</span> <span class='ocrx_word' id='word_1_562' title='bbox 1544 3952 1652 4020; x_wconf 83' lang='lat' dir='ltr'>nielles,</span> <span class='ocrx_word' id='word_1_563' title='bbox 1668 3969 1742 4020; x_wconf 84' lang='lat' dir='ltr'>neque</span> 
     </span>
     <span class='ocr_line' id='line_1_43' title="bbox 102 4033 1740 4113; baseline 0.004 -24"><span class='ocrx_word' id='word_1_564' title='bbox 102 4042 256 4089; x_wconf 84' lang='lat' dir='ltr'>castrorum</span> <span class='ocrx_word' id='word_1_565' title='bbox 279 4033 360 4104; x_wconf 84' lang='lat' dir='ltr'>jussit</span> <span class='ocrx_word' id='word_1_566' title='bbox 388 4037 598 4107; x_wconf 77' lang='lat' dir='ltr'>congregatione</span> <span class='ocrx_word' id='word_1_567' title='bbox 629 4036 747 4104; x_wconf 85' lang='lat' dir='ltr'>secerni,</span> <span class='ocrx_word' id='word_1_568' title='bbox 780 4037 894 4093; x_wconf 86' lang='lat' dir='ltr'>dicens:</span> <span class='ocrx_word' id='word_1_569' title='bbox 945 4036 1123 4092; x_wconf 86' lang='lat' dir='ltr'>ntaseulorum</span> <span class='ocrx_word' id='word_1_570' title='bbox 1138 4038 1327 4104; x_wconf 84' lang='lat' dir='ltr'>cotteuiitores,</span> <span class='ocrx_word' id='word_1_571' title='bbox 1349 4056 1430 4111; x_wconf 87' lang='lat' dir='ltr'>neque</span> <span class='ocrx_word' id='word_1_572' title='bbox 1452 4041 1539 4109; x_wconf 76' lang='lat' dir='ltr'>sures,</span> <span class='ocrx_word' id='word_1_573' title='bbox 1559 4060 1649 4113; x_wconf 80' lang='lat' dir='ltr'>neque</span> <span class='ocrx_word' id='word_1_574' title='bbox 1663 4044 1740 4111; x_wconf 84' lang='lat' dir='ltr'>carri,</span> 
     </span>
     <span class='ocr_line' id='line_1_44' title="bbox 103 4126 1741 4209; baseline 0.007 -30"><span class='ocrx_word' id='word_1_575' title='bbox 103 4126 199 4179; x_wconf 82' lang='lat' dir='ltr'>dninta</span> <span class='ocrx_word' id='word_1_576' title='bbox 227 4141 388 4197; x_wconf 79' lang='lat' dir='ltr'>quaecunque</span> <span class='ocrx_word' id='word_1_577' title='bbox 411 4127 551 4181; x_wconf 87' lang='lat' dir='ltr'>comederit</span> <span class='ocrx_word' id='word_1_578' title='bbox 571 4129 603 4182; x_wconf 85' lang='lat' dir='ltr'>de</span> <span class='ocrx_word' id='word_1_579' title='bbox 621 4126 745 4182; x_wconf 83' lang='lat' dir='ltr'>cornilius</span> <span class='ocrx_word' id='word_1_580' title='bbox 769 4127 895 4196; x_wconf 71' lang='lat' dir='ltr'>sacrificii</span> <span class='ocrx_word' id='word_1_581' title='bbox 947 4145 1029 4200; x_wconf 84' lang='lat' dir='ltr'>neque</span> <span class='ocrx_word' id='word_1_582' title='bbox 1042 4128 1151 4196; x_wconf 82' lang='lat' dir='ltr'>ebriosi,</span> <span class='ocrx_word' id='word_1_583' title='bbox 1167 4145 1250 4200; x_wconf 86' lang='lat' dir='ltr'>neque</span> <span class='ocrx_word' id='word_1_584' title='bbox 1264 4130 1400 4197; x_wconf 86' lang='lat' dir='ltr'>analedici,</span> <span class='ocrx_word' id='word_1_585' title='bbox 1412 4148 1494 4204; x_wconf 85' lang='lat' dir='ltr'>neque</span> <span class='ocrx_word' id='word_1_586' title='bbox 1511 4150 1628 4205; x_wconf 81' lang='lat' dir='ltr'>rapaces</span> <span class='ocrx_word' id='word_1_587' title='bbox 1640 4153 1741 4209; x_wconf 83' lang='lat' dir='ltr'>reqnuts</span> 
     </span>
     <span class='ocr_line' id='line_1_45' title="bbox 102 4217 1742 4296; baseline 0.009 -25"><span class='ocrx_word' id='word_1_588' title='bbox 102 4218 228 4273; x_wconf 87' lang='lat' dir='ltr'>salutaris</span> <span class='ocrx_word' id='word_1_589' title='bbox 253 4217 324 4289; x_wconf 89' lang='lat' dir='ltr'>qued</span> <span class='ocrx_word' id='word_1_590' title='bbox 342 4226 379 4273; x_wconf 85' lang='grc' dir='ltr'>ιιι</span> <span class='ocrx_word' id='word_1_591' title='bbox 398 4218 516 4286; x_wconf 71' lang='lat' dir='ltr'>domini,</span> <span class='ocrx_word' id='word_1_592' title='bbox 536 4221 564 4272; x_wconf 89' lang='lat' dir='ltr'>in</span> <span class='ocrx_word' id='word_1_593' title='bbox 591 4229 694 4291; x_wconf 88' lang='lat' dir='ltr'>quaest</span> <span class='ocrx_word' id='word_1_594' title='bbox 716 4217 894 4286; x_wconf 87' lang='lat' dir='ltr'>immunditia,</span> <span class='ocrx_word' id='word_1_595' title='bbox 946 4219 994 4274; x_wconf 81' lang='lat' dir='ltr'>liei</span> <span class='ocrx_word' id='word_1_596' title='bbox 1016 4221 1185 4290; x_wconf 82' lang='lat' dir='ltr'>possidebunt</span> <span class='ocrx_word' id='word_1_597' title='bbox 1204 4221 1230 4293; x_wconf 86' lang='lat' dir='ltr'>(l</span> <span class='ocrx_word' id='word_1_598' title='bbox 1259 4220 1321 4278; x_wconf 80' lang='lat' dir='ltr'>Cor.</span> <span class='ocrx_word' id='word_1_599' title='bbox 1347 4238 1385 4290; x_wconf 85' lang='lat' dir='ltr'>vt,</span> <span class='ocrx_word' id='word_1_600' title='bbox 1400 4223 1439 4296; x_wconf 86' lang='grc'>9).</span> <span class='ocrx_word' id='word_1_601' title='bbox 1454 4224 1554 4283; x_wconf 84' lang='lat' dir='ltr'>Certos</span> <span class='ocrx_word' id='word_1_602' title='bbox 1573 4238 1669 4286; x_wconf 77' lang='lat' dir='ltr'>summ</span> <span class='ocrx_word' id='word_1_603' title='bbox 1687 4245 1742 4285; x_wconf 85' lang='lat' dir='ltr'>csse</span> 
     </span>
     <span class='ocr_line' id='line_1_46' title="bbox 100 4305 1743 4401; baseline 0.007 -40"><span class='ocrx_word' id='word_1_604' title='bbox 100 4307 193 4373; x_wconf 82' lang='lat' dir='ltr'>peribit</span> <span class='ocrx_word' id='word_1_605' title='bbox 204 4323 293 4361; x_wconf 85' lang='lat' dir='ltr'>earum</span> <span class='ocrx_word' id='word_1_606' title='bbox 305 4305 419 4361; x_wconf 79' lang='lat' dir='ltr'>[lomina</span> <span class='ocrx_word' id='word_1_607' title='bbox 434 4307 506 4378; x_wconf 74' lang='lat' dir='ltr'>idea.</span> <span class='ocrx_word' id='word_1_608' title='bbox 516 4324 566 4376; x_wconf 84' lang='grc' dir='ltr'>ιιι,</span> <span class='ocrx_word' id='word_1_609' title='bbox 578 4308 635 4381; x_wconf 70' lang='lat' dir='ltr'>il).</span> <span class='ocrx_word' id='word_1_610' title='bbox 651 4308 685 4362; x_wconf 87' lang='grc' dir='ltr'>Ει</span> <span class='ocrx_word' id='word_1_611' title='bbox 695 4309 822 4380; x_wconf 87' lang='lat' dir='ltr'>quidquid</span> <span class='ocrx_word' id='word_1_612' title='bbox 836 4310 892 4363; x_wconf 85' lang='lat' dir='ltr'>teti·</span> <span class='ocrx_word' id='word_1_613' title='bbox 907 4340 934 4401; x_wconf 69' lang='lat' dir='ltr'>D</span> <span class='ocrx_word' id='word_1_614' title='bbox 947 4325 996 4365; x_wconf 93' lang='lat' dir='ltr'>ttos</span> <span class='ocrx_word' id='word_1_615' title='bbox 1008 4313 1135 4367; x_wconf 85' lang='lat' dir='ltr'>conuenit</span> <span class='ocrx_word' id='word_1_616' title='bbox 1149 4312 1233 4383; x_wconf 86' lang='lat' dir='ltr'>qttod,</span> <span class='ocrx_word' id='word_1_617' title='bbox 1248 4311 1311 4368; x_wconf 86' lang='lat' dir='ltr'>iicet</span> <span class='ocrx_word' id='word_1_618' title='bbox 1322 4327 1430 4370; x_wconf 86' lang='lat' dir='ltr'>omnem</span> <span class='ocrx_word' id='word_1_619' title='bbox 1455 4316 1639 4374; x_wconf 73' lang='lat' dir='ltr'>mutinensia</span> <span class='ocrx_word' id='word_1_620' title='bbox 1657 4318 1743 4376; x_wconf 74' lang='lat' dir='ltr'>distri·</span> 
     </span>
     <span class='ocr_line' id='line_1_47' title="bbox 102 4399 1743 4480; baseline -0.001 -15"><span class='ocrx_word' id='word_1_621' title='bbox 102 4401 167 4471; x_wconf 71' lang='lat' dir='ltr'>terli</span> <span class='ocrx_word' id='word_1_622' title='bbox 189 4400 353 4466; x_wconf 85' lang='lat' dir='ltr'>immundus,</span> <span class='ocrx_word' id='word_1_623' title='bbox 377 4401 542 4455; x_wconf 88' lang='lat' dir='ltr'>immundum</span> <span class='ocrx_word' id='word_1_624' title='bbox 568 4402 617 4457; x_wconf 85' lang='lat' dir='ltr'>erit</span> <span class='ocrx_word' id='word_1_625' title='bbox 641 4400 714 4473; x_wconf 59' lang='lat' dir='ltr'>(latt-</span> <span class='ocrx_word' id='word_1_626' title='bbox 731 4416 799 4467; x_wconf 65' lang='grc' dir='ltr'>ΠΗ.</span> <span class='ocrx_word' id='word_1_627' title='bbox 813 4399 894 4470; x_wconf 71' lang='grc'><strong>5)·111</strong></span> <span class='ocrx_word' id='word_1_628' title='bbox 945 4408 1073 4470; x_wconf 89' lang='lat' dir='ltr'>ctionem,</span> <span class='ocrx_word' id='word_1_629' title='bbox 1088 4404 1189 4460; x_wconf 86' lang='lat' dir='ltr'>lumem</span> <span class='ocrx_word' id='word_1_630' title='bbox 1213 4403 1363 4463; x_wconf 78' lang='lat' dir='ltr'>scilicetne</span> <span class='ocrx_word' id='word_1_631' title='bbox 1388 4405 1482 4472; x_wconf 89' lang='lat' dir='ltr'>situm,</span> <span class='ocrx_word' id='word_1_632' title='bbox 1498 4405 1613 4478; x_wconf 77' lang='lat' dir='ltr'>vigilius</span> <span class='ocrx_word' id='word_1_633' title='bbox 1639 4423 1743 4480; x_wconf 84' lang='lat' dir='ltr'>quoqne</span> 
     </span>
     <span class='ocr_line' id='line_1_48' title="bbox 103 4493 1742 4570; baseline 0.006 -24"><span class='ocrx_word' id='word_1_634' title='bbox 103 4493 313 4549; x_wconf 82' lang='lat' dir='ltr'>Deuteronomio</span> <span class='ocrx_word' id='word_1_635' title='bbox 325 4508 432 4564; x_wconf 89' lang='lat' dir='ltr'>quoquc</span> <span class='ocrx_word' id='word_1_636' title='bbox 448 4511 455 4548; x_wconf 74' lang='grc' dir='ltr'><strong>ε</strong></span> <span class='ocrx_word' id='word_1_637' title='bbox 470 4493 500 4550; x_wconf 90' lang='lat' dir='ltr'>Si</span> <span class='ocrx_word' id='word_1_638' title='bbox 513 4495 593 4565; x_wconf 73' lang='lat' dir='ltr'>[uerit</span> <span class='ocrx_word' id='word_1_639' title='bbox 612 4494 679 4549; x_wconf 87' lang='lat' dir='ltr'>inter</span> <span class='ocrx_word' id='word_1_640' title='bbox 692 4510 736 4550; x_wconf 89' lang='lat' dir='ltr'>aas</span> <span class='ocrx_word' id='word_1_641' title='bbox 750 4495 829 4549; x_wconf 84' lang='lat' dir='ltr'>bonta</span> <span class='ocrx_word' id='word_1_642' title='bbox 849 4495 894 4564; x_wconf 91' lang='lat' dir='ltr'>qui</span> <span class='ocrx_word' id='word_1_643' title='bbox 945 4512 972 4557; x_wconf 90' lang='lat' dir='ltr'>et</span> <span class='ocrx_word' id='word_1_644' title='bbox 1000 4499 1091 4570; x_wconf 85' lang='lat' dir='ltr'>operis</span> <span class='ocrx_word' id='word_1_645' title='bbox 1112 4496 1266 4570; x_wconf 73' lang='lat' dir='ltr'>jugitatem,</span> <span class='ocrx_word' id='word_1_646' title='bbox 1289 4509 1371 4569; x_wconf 91' lang='lat' dir='ltr'>atque</span> <span class='ocrx_word' id='word_1_647' title='bbox 1400 4498 1573 4555; x_wconf 83' lang='lat' dir='ltr'>incessabilis</span> <span class='ocrx_word' id='word_1_648' title='bbox 1600 4501 1742 4556; x_wconf 80' lang='lat' dir='ltr'>subeanus</span> 
     </span>
     <span class='ocr_line' id='line_1_49' title="bbox 103 4583 1742 4661; baseline 0.007 -26"><span class='ocrx_word' id='word_1_649' title='bbox 103 4592 230 4637; x_wconf 87' lang='lat' dir='ltr'>nocturna</span> <span class='ocrx_word' id='word_1_650' title='bbox 243 4583 359 4654; x_wconf 86' lang='lat' dir='ltr'>pollutus</span> <span class='ocrx_word' id='word_1_651' title='bbox 368 4594 405 4639; x_wconf 91' lang='lat' dir='ltr'>est</span> <span class='ocrx_word' id='word_1_652' title='bbox 419 4587 530 4652; x_wconf 86' lang='lat' dir='ltr'>samnia,</span> <span class='ocrx_word' id='word_1_653' title='bbox 543 4586 775 4656; x_wconf 81' lang='lat' dir='ltr'>eqredieturcetra</span> <span class='ocrx_word' id='word_1_654' title='bbox 786 4595 893 4653; x_wconf 85' lang='lat' dir='ltr'>castra,·</span> <span class='ocrx_word' id='word_1_655' title='bbox 945 4592 1065 4646; x_wconf 87' lang='lat' dir='ltr'>studium</span> <span class='ocrx_word' id='word_1_656' title='bbox 1099 4590 1234 4656; x_wconf 87' lang='lat' dir='ltr'>lectionis,</span> <span class='ocrx_word' id='word_1_657' title='bbox 1265 4599 1422 4661; x_wconf 85' lang='lat' dir='ltr'>perpetuam</span> <span class='ocrx_word' id='word_1_658' title='bbox 1454 4599 1546 4646; x_wconf 89' lang='lat' dir='ltr'>tatttcn</span> <span class='ocrx_word' id='word_1_659' title='bbox 1572 4594 1742 4648; x_wconf 80' lang='lat' dir='ltr'>castimonie</span> 
     </span>
     <span class='ocr_line' id='line_1_50' title="bbox 102 4677 1741 4755; baseline 0.005 -27"><span class='ocrx_word' id='word_1_660' title='bbox 102 4684 126 4728; x_wconf 90' lang='grc' dir='ltr'>ιι</span> <span class='ocrx_word' id='word_1_661' title='bbox 154 4690 206 4727; x_wconf 90' lang='lat' dir='ltr'>non</span> <span class='ocrx_word' id='word_1_662' title='bbox 230 4684 371 4728; x_wconf 84' lang='lat' dir='ltr'>revertetur</span> <span class='ocrx_word' id='word_1_663' title='bbox 397 4677 550 4748; x_wconf 88' lang='lat' dir='ltr'>priusquam</span> <span class='ocrx_word' id='word_1_664' title='bbox 578 4681 613 4733; x_wconf 92' lang='lat' dir='ltr'>ad</span> <span class='ocrx_word' id='word_1_665' title='bbox 635 4695 765 4746; x_wconf 85' lang='lat' dir='ltr'>uesperam</span> <span class='ocrx_word' id='word_1_666' title='bbox 795 4679 895 4734; x_wconf 84' lang='lat' dir='ltr'>locetur</span> <span class='ocrx_word' id='word_1_667' title='bbox 944 4684 1089 4755; x_wconf 87' lang='lat' dir='ltr'>puritatem</span> <span class='ocrx_word' id='word_1_668' title='bbox 1101 4683 1197 4739; x_wconf 89' lang='lat' dir='ltr'>lterum</span> <span class='ocrx_word' id='word_1_669' title='bbox 1213 4682 1334 4738; x_wconf 90' lang='lat' dir='ltr'>laborum</span> <span class='ocrx_word' id='word_1_670' title='bbox 1345 4684 1442 4739; x_wconf 89' lang='lat' dir='ltr'>merito</span> <span class='ocrx_word' id='word_1_671' title='bbox 1451 4683 1617 4754; x_wconf 73' lang='lat' dir='ltr'>contingere</span> <span class='ocrx_word' id='word_1_672' title='bbox 1628 4699 1741 4754; x_wconf 78' lang='lat' dir='ltr'>scortea·</span> 
     </span>
     <span class='ocr_line' id='line_1_51' title="bbox 102 4765 1742 4849; baseline 0.009 -34"><span class='ocrx_word' id='word_1_673' title='bbox 102 4779 192 4834; x_wconf 86' lang='lat' dir='ltr'>aqun,·</span> <span class='ocrx_word' id='word_1_674' title='bbox 213 4773 237 4818; x_wconf 86' lang='lat' dir='ltr'>et</span> <span class='ocrx_word' id='word_1_675' title='bbox 262 4773 319 4834; x_wconf 78' lang='lat' dir='ltr'>port</span> <span class='ocrx_word' id='word_1_676' title='bbox 338 4765 402 4819; x_wconf 88' lang='lat' dir='ltr'>salis</span> <span class='ocrx_word' id='word_1_677' title='bbox 429 4782 553 4823; x_wconf 76' lang='lat' dir='ltr'>arcarum</span> <span class='ocrx_word' id='word_1_678' title='bbox 576 4770 737 4841; x_wconf 72' lang='lat' dir='ltr'>remedietur</span> <span class='ocrx_word' id='word_1_679' title='bbox 758 4771 786 4825; x_wconf 88' lang='lat' dir='ltr'>iu</span> <span class='ocrx_word' id='word_1_680' title='bbox 806 4782 893 4825; x_wconf 82' lang='lat' dir='ltr'>castra</span> <span class='ocrx_word' id='word_1_681' title='bbox 945 4793 1017 4842; x_wconf 80' lang='lat' dir='ltr'>tntis,</span> <span class='ocrx_word' id='word_1_682' title='bbox 1042 4776 1137 4832; x_wconf 91' lang='lat' dir='ltr'>nisiiu</span> <span class='ocrx_word' id='word_1_683' title='bbox 1158 4776 1200 4831; x_wconf 88' lang='lat' dir='ltr'>ltis</span> <span class='ocrx_word' id='word_1_684' title='bbox 1221 4775 1324 4846; x_wconf 77' lang='lat' dir='ltr'>ingiter</span> <span class='ocrx_word' id='word_1_685' title='bbox 1361 4775 1536 4843; x_wconf 88' lang='lat' dir='ltr'>desudantes,</span> <span class='ocrx_word' id='word_1_686' title='bbox 1566 4775 1742 4849; x_wconf 77' lang='lat' dir='ltr'>experientia</span> 
     </span>
     <span class='ocr_line' id='line_1_52' title="bbox 103 4856 1741 4941; baseline 0.006 -30"><span class='ocrx_word' id='word_1_687' title='bbox 103 4857 191 4927; x_wconf 81' lang='lat' dir='ltr'>(lleut.</span> <span class='ocrx_word' id='word_1_688' title='bbox 209 4873 287 4925; x_wconf 82' lang='lat' dir='ltr'>xrttt,</span> <span class='ocrx_word' id='word_1_689' title='bbox 302 4856 357 4929; x_wconf 87' lang='lat' dir='ltr'>itt).</span> <span class='ocrx_word' id='word_1_690' title='bbox 375 4857 476 4915; x_wconf 82' lang='lat' dir='ltr'>Deinde</span> <span class='ocrx_word' id='word_1_691' title='bbox 491 4861 600 4916; x_wconf 86' lang='lat' dir='ltr'>tertium</span> <span class='ocrx_word' id='word_1_692' title='bbox 615 4862 720 4932; x_wconf 89' lang='lat' dir='ltr'>peccati</span> <span class='ocrx_word' id='word_1_693' title='bbox 742 4863 893 4918; x_wconf 88' lang='lat' dir='ltr'>membrum</span> <span class='ocrx_word' id='word_1_694' title='bbox 945 4867 1102 4940; x_wconf 79' lang='lat' dir='ltr'>ntaqisterio</span> <span class='ocrx_word' id='word_1_695' title='bbox 1127 4869 1274 4923; x_wconf 83' lang='lat' dir='ltr'>doceamur</span> <span class='ocrx_word' id='word_1_696' title='bbox 1301 4869 1532 4941; x_wconf 86' lang='lat' dir='ltr'>incorruptionem</span> <span class='ocrx_word' id='word_1_697' title='bbox 1561 4868 1627 4937; x_wconf 82' lang='lat' dir='ltr'>ejus</span> <span class='ocrx_word' id='word_1_698' title='bbox 1648 4871 1741 4926; x_wconf 82' lang='lat' dir='ltr'>elisiae</span> 
     </span>
     <span class='ocr_line' id='line_1_53' title="bbox 102 4949 1741 5033; baseline 0.008 -32"><span class='ocrx_word' id='word_1_699' title='bbox 102 4949 235 5002; x_wconf 76' lang='lat' dir='ltr'>libidinem</span> <span class='ocrx_word' id='word_1_700' title='bbox 265 4952 365 5020; x_wconf 88' lang='lat' dir='ltr'>posuit,</span> <span class='ocrx_word' id='word_1_701' title='bbox 392 4967 453 5021; x_wconf 72' lang='lat' dir='ltr'>quse</span> <span class='ocrx_word' id='word_1_702' title='bbox 477 4953 503 5007; x_wconf 93' lang='lat' dir='ltr'>in</span> <span class='ocrx_word' id='word_1_703' title='bbox 531 4955 680 5010; x_wconf 81' lang='lat' dir='ltr'>recessibus</span> <span class='ocrx_word' id='word_1_704' title='bbox 705 4957 804 5010; x_wconf 70' lang='lat' dir='ltr'>animae</span> <span class='ocrx_word' id='word_1_705' title='bbox 828 4970 893 5010; x_wconf 86' lang='lat' dir='ltr'>coa·</span> <span class='ocrx_word' id='word_1_706' title='bbox 944 4961 1038 5030; x_wconf 78' lang='lat' dir='ltr'>gratiae</span> <span class='ocrx_word' id='word_1_707' title='bbox 1064 4960 1189 5032; x_wconf 78' lang='lat' dir='ltr'>largitate</span> <span class='ocrx_word' id='word_1_708' title='bbox 1213 4961 1334 5016; x_wconf 87' lang='lat' dir='ltr'>concedi.</span> <span class='ocrx_word' id='word_1_709' title='bbox 1366 4961 1511 5016; x_wconf 89' lang='lat' dir='ltr'>Sciendum</span> <span class='ocrx_word' id='word_1_710' title='bbox 1542 4976 1658 5033; x_wconf 86' lang='lat' dir='ltr'>qnoque</span> <span class='ocrx_word' id='word_1_711' title='bbox 1681 4960 1741 5032; x_wconf 85' lang='lat' dir='ltr'>quis</span> 
     </span>
     <span class='ocr_line' id='line_1_54' title="bbox 102 5039 1740 5124; baseline 0.009 -30"><span class='ocrx_word' id='word_1_712' title='bbox 102 5039 218 5106; x_wconf 73' lang='lat' dir='ltr'>leccenic,</span> <span class='ocrx_word' id='word_1_713' title='bbox 234 5042 357 5098; x_wconf 90' lang='lat' dir='ltr'>accidere</span> <span class='ocrx_word' id='word_1_714' title='bbox 370 5043 486 5113; x_wconf 89' lang='lat' dir='ltr'>cuipiam</span> <span class='ocrx_word' id='word_1_715' title='bbox 498 5045 580 5100; x_wconf 92' lang='lat' dir='ltr'>ctiam</span> <span class='ocrx_word' id='word_1_716' title='bbox 606 5047 665 5102; x_wconf 90' lang='lat' dir='ltr'>sine</span> <span class='ocrx_word' id='word_1_717' title='bbox 688 5047 814 5118; x_wconf 85' lang='lat' dir='ltr'>passione</span> <span class='ocrx_word' id='word_1_718' title='bbox 831 5063 891 5103; x_wconf 89' lang='lat' dir='ltr'>cur·</span> <span class='ocrx_word' id='word_1_719' title='bbox 945 5062 1073 5121; x_wconf 78' lang='lat' dir='ltr'>aptantem</span> <span class='ocrx_word' id='word_1_720' title='bbox 1088 5052 1150 5122; x_wconf 90' lang='lat' dir='ltr'>quis</span> <span class='ocrx_word' id='word_1_721' title='bbox 1162 5051 1188 5106; x_wconf 89' lang='lat' dir='ltr'>in</span> <span class='ocrx_word' id='word_1_722' title='bbox 1200 5051 1310 5108; x_wconf 88' lang='lat' dir='ltr'>lenitate</span> <span class='ocrx_word' id='word_1_723' title='bbox 1329 5069 1360 5108; x_wconf 89' lang='lat' dir='ltr'>ac</span> <span class='ocrx_word' id='word_1_724' title='bbox 1373 5054 1502 5124; x_wconf 87' lang='lat' dir='ltr'>patientia</span> <span class='ocrx_word' id='word_1_725' title='bbox 1517 5055 1625 5121; x_wconf 90' lang='lat' dir='ltr'>cordis,</span> <span class='ocrx_word' id='word_1_726' title='bbox 1639 5063 1740 5110; x_wconf 78' lang='lat' dir='ltr'>tuntum</span> 
     </span>
     <span class='ocr_line' id='line_1_55' title="bbox 101 5130 1738 5217; baseline 0.012 -34"><span class='ocrx_word' id='word_1_727' title='bbox 101 5130 177 5201; x_wconf 87' lang='lat' dir='ltr'>poris</span> <span class='ocrx_word' id='word_1_728' title='bbox 205 5141 303 5201; x_wconf 89' lang='lat' dir='ltr'>potest.</span> <span class='ocrx_word' id='word_1_729' title='bbox 330 5131 480 5189; x_wconf 88' lang='lat' dir='ltr'>Libidinem</span> <span class='ocrx_word' id='word_1_730' title='bbox 509 5136 580 5190; x_wconf 91' lang='lat' dir='ltr'>enim</span> <span class='ocrx_word' id='word_1_731' title='bbox 606 5137 640 5192; x_wconf 89' lang='lat' dir='ltr'>ab</span> <span class='ocrx_word' id='word_1_732' title='bbox 661 5151 693 5193; x_wconf 91' lang='lat' dir='ltr'>eo</span> <span class='ocrx_word' id='word_1_733' title='bbox 711 5139 785 5208; x_wconf 89' lang='lat' dir='ltr'>quud</span> <span class='ocrx_word' id='word_1_734' title='bbox 809 5138 893 5195; x_wconf 90' lang='lat' dir='ltr'>libeat</span> <span class='ocrx_word' id='word_1_735' title='bbox 944 5144 971 5198; x_wconf 92' lang='lat' dir='ltr'>in</span> <span class='ocrx_word' id='word_1_736' title='bbox 999 5145 1122 5214; x_wconf 82' lang='lat' dir='ltr'>eorporis</span> <span class='ocrx_word' id='word_1_737' title='bbox 1153 5145 1271 5215; x_wconf 88' lang='lat' dir='ltr'>puritate</span> <span class='ocrx_word' id='word_1_738' title='bbox 1302 5145 1435 5217; x_wconf 87' lang='lat' dir='ltr'>proficiet.</span> <span class='ocrx_word' id='word_1_739' title='bbox 1469 5139 1547 5203; x_wconf 83' lang='lat' dir='ltr'>Unde</span> <span class='ocrx_word' id='word_1_740' title='bbox 1574 5145 1738 5210; x_wconf 77' lang='lat' dir='ltr'>Dumium:</span> 
     </span>
     <span class='ocr_line' id='line_1_56' title="bbox 102 5220 1738 5312; baseline 0.01 -37"><span class='ocrx_word' id='word_1_741' title='bbox 102 5220 202 5275; x_wconf 89' lang='lat' dir='ltr'>dictam</span> <span class='ocrx_word' id='word_1_742' title='bbox 212 5237 283 5290; x_wconf 83' lang='lat' dir='ltr'>esse,</span> <span class='ocrx_word' id='word_1_743' title='bbox 299 5240 352 5280; x_wconf 90' lang='lat' dir='ltr'>non</span> <span class='ocrx_word' id='word_1_744' title='bbox 364 5226 474 5281; x_wconf 92' lang='lat' dir='ltr'>dubium</span> <span class='ocrx_word' id='word_1_745' title='bbox 487 5233 537 5281; x_wconf 88' lang='lat' dir='ltr'>est.</span> <span class='ocrx_word' id='word_1_746' title='bbox 551 5224 614 5282; x_wconf 85' lang='lat' dir='ltr'>Post</span> <span class='ocrx_word' id='word_1_747' title='bbox 629 5230 687 5284; x_wconf 71' lang='lat' dir='ltr'>lutee</span> <span class='ocrx_word' id='word_1_748' title='bbox 698 5231 731 5285; x_wconf 88' lang='lat' dir='ltr'>de</span> <span class='ocrx_word' id='word_1_749' title='bbox 746 5229 894 5299; x_wconf 76' lang='lat' dir='ltr'>maioribus</span> <span class='ocrx_word' id='word_1_750' title='bbox 944 5235 1020 5291; x_wconf 83' lang='lat' dir='ltr'>Beati</span> <span class='ocrx_word' id='word_1_751' title='bbox 1030 5236 1115 5302; x_wconf 84' lang='lat' dir='ltr'>mites,</span> <span class='ocrx_word' id='word_1_752' title='bbox 1127 5238 1251 5306; x_wconf 88' lang='lat' dir='ltr'>quoniam</span> <span class='ocrx_word' id='word_1_753' title='bbox 1266 5238 1315 5305; x_wconf 85' lang='lat' dir='ltr'>ipsi</span> <span class='ocrx_word' id='word_1_754' title='bbox 1331 5238 1499 5309; x_wconf 83' lang='lat' dir='ltr'>possidebunt</span> <span class='ocrx_word' id='word_1_755' title='bbox 1511 5248 1614 5295; x_wconf 83' lang='lat' dir='ltr'>terram</span> <span class='ocrx_word' id='word_1_756' title='bbox 1633 5239 1738 5312; x_wconf 73' lang='lat' dir='ltr'>(Metti.</span> 
     </span>
     <span class='ocr_line' id='line_1_57' title="bbox 101 5316 1740 5400; baseline 0.01 -33"><span class='ocrx_word' id='word_1_757' title='bbox 101 5316 221 5380; x_wconf 78' lang='lat' dir='ltr'>peccatis</span> <span class='ocrx_word' id='word_1_758' title='bbox 245 5317 278 5372; x_wconf 91' lang='lat' dir='ltr'>ud</span> <span class='ocrx_word' id='word_1_759' title='bbox 312 5319 416 5376; x_wconf 89' lang='lat' dir='ltr'>minora</span> <span class='ocrx_word' id='word_1_760' title='bbox 444 5323 627 5390; x_wconf 85' lang='lat' dir='ltr'>descendens,</span> <span class='ocrx_word' id='word_1_761' title='bbox 651 5332 777 5394; x_wconf 90' lang='lat' dir='ltr'>quartum</span> <span class='ocrx_word' id='word_1_762' title='bbox 804 5323 894 5378; x_wconf 90' lang='lat' dir='ltr'>intulit</span> <span class='ocrx_word' id='word_1_763' title='bbox 944 5342 970 5394; x_wconf 89' lang='grc' dir='ltr'>ι,</span> <span class='ocrx_word' id='word_1_764' title='bbox 984 5325 1023 5399; x_wconf 79' lang='lat' dir='ltr'>d).</span> <span class='ocrx_word' id='word_1_765' title='bbox 1037 5325 1094 5381; x_wconf 86' lang='lat' dir='ltr'>Non</span> <span class='ocrx_word' id='word_1_766' title='bbox 1110 5341 1175 5396; x_wconf 80' lang='lat' dir='ltr'>ergo</span> <span class='ocrx_word' id='word_1_767' title='bbox 1186 5327 1265 5381; x_wconf 90' lang='lat' dir='ltr'>aliter</span> <span class='ocrx_word' id='word_1_768' title='bbox 1276 5338 1394 5384; x_wconf 87' lang='lat' dir='ltr'>nostram</span> <span class='ocrx_word' id='word_1_769' title='bbox 1409 5328 1614 5400; x_wconf 89' lang='lat' dir='ltr'>possidebimus</span> <span class='ocrx_word' id='word_1_770' title='bbox 1628 5340 1740 5396; x_wconf 81' lang='lat' dir='ltr'>terrant,</span> 
     </span>
     <span class='ocr_line' id='line_1_58' title="bbox 101 5407 1740 5492; baseline 0.008 -31"><span class='ocrx_word' id='word_1_771' title='bbox 101 5407 264 5475; x_wconf 83' lang='lat' dir='ltr'>membrum,</span> <span class='ocrx_word' id='word_1_772' title='bbox 278 5417 513 5483; x_wconf 85' lang='lat' dir='ltr'>concupiscentium</span> <span class='ocrx_word' id='word_1_773' title='bbox 536 5418 646 5483; x_wconf 81' lang='lat' dir='ltr'>malane,</span> <span class='ocrx_word' id='word_1_774' title='bbox 661 5433 723 5490; x_wconf 82' lang='lat' dir='ltr'>quam</span> <span class='ocrx_word' id='word_1_775' title='bbox 740 5435 792 5473; x_wconf 94' lang='lat' dir='ltr'>non</span> <span class='ocrx_word' id='word_1_776' title='bbox 805 5418 891 5483; x_wconf 89' lang='lat' dir='ltr'>solum</span> <span class='ocrx_word' id='word_1_777' title='bbox 944 5421 1037 5490; x_wconf 90' lang='lat' dir='ltr'>idest,</span> <span class='ocrx_word' id='word_1_778' title='bbox 1053 5437 1106 5478; x_wconf 92' lang='lat' dir='ltr'>non</span> <span class='ocrx_word' id='word_1_779' title='bbox 1118 5421 1185 5479; x_wconf 86' lang='lat' dir='ltr'>alias</span> <span class='ocrx_word' id='word_1_780' title='bbox 1197 5424 1293 5480; x_wconf 92' lang='lat' dir='ltr'>ditioni</span> <span class='ocrx_word' id='word_1_781' title='bbox 1306 5432 1406 5480; x_wconf 84' lang='lat' dir='ltr'>nostrae</span> <span class='ocrx_word' id='word_1_782' title='bbox 1432 5422 1544 5479; x_wconf 89' lang='lat' dir='ltr'>rebellis</span> <span class='ocrx_word' id='word_1_783' title='bbox 1570 5421 1658 5492; x_wconf 81' lang='lat' dir='ltr'>hujus</span> <span class='ocrx_word' id='word_1_784' title='bbox 1681 5435 1740 5478; x_wconf 89' lang='lat' dir='ltr'>cur-</span> 
     </span>
     <span class='ocr_line' id='line_1_59' title="bbox 102 5497 1739 5586; baseline 0.012 -37"><span class='ocrx_word' id='word_1_785' title='bbox 102 5497 137 5551; x_wconf 90' lang='lat' dir='ltr'>ad</span> <span class='ocrx_word' id='word_1_786' title='bbox 152 5502 306 5566; x_wconf 85' lang='lat' dir='ltr'>praedictam</span> <span class='ocrx_word' id='word_1_787' title='bbox 323 5507 494 5576; x_wconf 80' lang='lat' dir='ltr'>nnpndtettte</span> <span class='ocrx_word' id='word_1_788' title='bbox 509 5511 674 5580; x_wconf 89' lang='lat' dir='ltr'>passionem,</span> <span class='ocrx_word' id='word_1_789' title='bbox 701 5514 892 5570; x_wconf 75' lang='lat' dir='ltr'>verumetiam</span> <span class='ocrx_word' id='word_1_790' title='bbox 943 5515 1020 5584; x_wconf 90' lang='lat' dir='ltr'>puris</span> <span class='ocrx_word' id='word_1_791' title='bbox 1035 5522 1107 5569; x_wconf 91' lang='lat' dir='ltr'>terra</span> <span class='ocrx_word' id='word_1_792' title='bbox 1127 5514 1268 5582; x_wconf 84' lang='lat' dir='ltr'>subdetur,</span> <span class='ocrx_word' id='word_1_793' title='bbox 1290 5516 1342 5572; x_wconf 91' lang='lat' dir='ltr'>nisi</span> <span class='ocrx_word' id='word_1_794' title='bbox 1365 5531 1442 5572; x_wconf 90' lang='lat' dir='ltr'>mens</span> <span class='ocrx_word' id='word_1_795' title='bbox 1458 5523 1553 5572; x_wconf 83' lang='lat' dir='ltr'>nostra</span> <span class='ocrx_word' id='word_1_796' title='bbox 1579 5517 1660 5586; x_wconf 88' lang='lat' dir='ltr'>prius</span> <span class='ocrx_word' id='word_1_797' title='bbox 1681 5515 1739 5570; x_wconf 86' lang='lat' dir='ltr'>lue·</span> 
     </span>
     <span class='ocr_line' id='line_1_60' title="bbox 102 5590 1739 5685; baseline 0.011 -40"><span class='ocrx_word' id='word_1_798' title='bbox 102 5590 136 5645; x_wconf 82' lang='lat' dir='ltr'>uti</span> <span class='ocrx_word' id='word_1_799' title='bbox 147 5603 242 5648; x_wconf 87' lang='lat' dir='ltr'>otottcs</span> <span class='ocrx_word' id='word_1_800' title='bbox 256 5597 350 5652; x_wconf 84' lang='lat' dir='ltr'>noxius</span> <span class='ocrx_word' id='word_1_801' title='bbox 370 5600 533 5670; x_wconf 88' lang='lat' dir='ltr'>cupiditates</span> <span class='ocrx_word' id='word_1_802' title='bbox 556 5604 718 5672; x_wconf 72' lang='lat' dir='ltr'>generaliter</span> <span class='ocrx_word' id='word_1_803' title='bbox 735 5605 829 5662; x_wconf 86' lang='lat' dir='ltr'>relerri</span> <span class='ocrx_word' id='word_1_804' title='bbox 840 5624 890 5680; x_wconf 92' lang='lat' dir='ltr'>po·</span> <span class='ocrx_word' id='word_1_805' title='bbox 944 5608 1127 5685; x_wconf 78' lang='lat' dir='ltr'>ritputjentiac</span> <span class='ocrx_word' id='word_1_806' title='bbox 1141 5607 1254 5667; x_wconf 90' lang='lat' dir='ltr'>lenitate</span> <span class='ocrx_word' id='word_1_807' title='bbox 1266 5606 1389 5668; x_wconf 86' lang='lat' dir='ltr'>lundata.</span> <span class='ocrx_word' id='word_1_808' title='bbox 1405 5611 1539 5670; x_wconf 85' lang='lat' dir='ltr'>llamueti</span> <span class='ocrx_word' id='word_1_809' title='bbox 1555 5612 1634 5669; x_wconf 87' lang='lat' dir='ltr'>enim</span> <span class='ocrx_word' id='word_1_810' title='bbox 1656 5609 1739 5683; x_wconf 87' lang='lat' dir='ltr'>possi·</span> 
     </span>
    </p>
   </div>
   <div class='ocr_carea' id='block_1_3' title="bbox 0 0 1850 6008">
    <p class='ocr_par' dir='ltr' id='par_1_4' title="bbox 0 0 1850 6008">
     <span class='ocr_line' id='line_1_61' title="bbox 0 0 1850 6008; baseline 0 0"><span class='ocrx_word' id='word_1_811' title='bbox 0 0 1850 6008; x_wconf 95' lang='lat' dir='ltr'> </span> 
     </span>
    </p>
   </div>
  </div>
 </body>
</html>
