3690 6008
98 305 167 366 ittlt
378 304 408 361 S.
426 303 576 360 tusuttli
593 301 769 361 centupli.
788 300 1146 362 innotescentem
1165 302 1208 359 itt.
1224 333 1259 344 -
1278 301 1466 361 epistole.
1682 300 1753 359 titt

98 426 291 500 impedimenta
314 437 388 488 mea,
418 421 484 487 tute,
505 435 582 493 rogo,
608 435 653 477 rue
675 433 747 491 sepe
770 417 1090 485 leetmscmuuttus
1115 434 1163 490 per
1184 419 1302 489 aliquem
1324 415 1531 490 impertirem
1550 416 1678 489 poterit,
1694 415 1752 486 ejus

98 519 198 576 iterum
216 516 288 582 dieo,
302 513 376 585 qood
389 526 499 582 semper
515 511 588 575 roio,
604 509 673 566 raie.
940 528 1013 569 curas
1025 512 1198 584 designatum
1212 511 1332 568 dimitte.
1344 509 1428 566 iiuito
1442 519 1540 566 tamen
1562 508 1675 564 meiius
1687 511 1751 575 erit,

319 623 486 683 pppgmp
504 622 602 680 mv
621 623 666 678 ιιι,
939 604 962 660 ei
980 602 1133 674 exemplum
1148 601 1251 672 ipsum,
1270 609 1300 657 ut
1323 600 1389 657 milri
1408 598 1663 666 accommodetur,
1679 597 1752 653 irie·

386 732 420 772 p„
439 731 602 772 mmm,
939 696 1054 752 domnus
1071 693 1222 751 Gonduilus
1247 692 1349 764 poterit
1366 692 1529 762 impetrare.
1550 688 1659 746 Saluta
1675 689 1751 745 dum·

129 810 208 878 Μ
223 825 275 864 Μ,
289 808 386 864 ‚mm
400 807 432 862 ,p
443 807 581 878 „mn-,m
594 806 801 873 pompm-mm,
817 808 863 875 Μ
939 803 1004 844 ιιιιιιι
1029 785 1200 852 lierluinnm,
1217 798 1333 840 monens
1345 791 1377 839 nt
1389 792 1420 838 et
1434 783 1487 840 silui
1499 791 1532 839 et
1551 781 1629 837 milri
1644 796 1751 839 rum

151 879 420 951 epistoiaedeserant,·
431 880 494 948 petit
502 879 665 948 aphorismos
676 877 847 948 amplectit.
939 880 976 937 sit
990 879 1052 935 mei.
1072 876 1148 934 iaie.

134 973 223 1028 Fratri
238 981 266 1028 ei
278 972 335 1028 illo
348 970 572 1027 suoehatittinto
587 971 622 1004 ‘¹'
641 969 791 1036 Materne,
806 969 892 1026 irater
1160 975 1327 1044 mse-01¹3
1341 982 1452 1042 xmp
1465 985 1512 1038 rsa,

98 1065 252 1128 inputans,
273 1063 394 1117 dirinnru
416 1060 444 1115 la
460 1061 598 1132 prosperis
621 1062 785 1127 custodiam,
799 1060 828 1116 in
842 1059 891 1115 sd-
1230 1095 1264 1134 A„
1282 1094 1432 1134 ,mm

97 1155 184 1210 imis
195 1153 375 1210 munitionem
391 1150 437 1206 ¹”·
940 1170 1031 1244 Refert
1041 1172 1140 1244 prutina
1155 1172 1187 1227 de
1200 1170 1321 1226 ilnudtli
1332 1166 1466 1225 Beccenris
1481 1185 1565 1234 reru,
1590 1181 1617 1224 et
1635 1168 1748 1224 conruit

133 1242 163 1299 st
187 1243 240 1298 ios
253 1250 336 1307 esser,
351 1241 424 1312 qood
445 1250 543 1311 enema
567 1249 610 1296 est
635 1250 682 1296 tua
704 1239 803 1297 dilecta
822 1238 891 1294 milri
1235 1239 1434 1311 [ermenerii.

97 1335 207 1391 dileetio
219 1333 375 1390 insecenda
384 1348 434 1390 stra
446 1332 656 1390 miiaitlertinata
668 1332 794 1403 epistola,
806 1329 889 1401 quod,
976 1335 1101 1400 Domino,
1116 1333 1205 1396 iratri,
1220 1331 1311 1387 amico
1332 1331 1359 1387 in
1380 1329 1489 1387 Christo
1519 1339 1634 1395 amato,
1659 1340 1692 1385 et
1716 1330 1748 1385 ad

97 1424 244 1482 scilicetne
262 1424 422 1495 negligendo
436 1422 520 1480 nuliis
531 1431 560 1479 te
575 1422 678 1479 nostris
694 1423 804 1488 litteris,
814 1427 892 1493 pest·
939 1424 1077 1482 clurinum
1090 1423 1244 1480 desiderato
1257 1423 1398 1488 iurrnro,
1415 1421 1503 1476 irater
1518 1420 1689 1483 Auses-us.
1700 1435 1749 1491 pro

97 1525 178 1588 priam
190 1529 266 1572 mers
280 1516 412 1582 transisti,
426 1513 891 1586 risitarerim3quoiibetasterente
939 1515 1097 1574 coeiestlims
1111 1523 1220 1571 terrena
1233 1512 1383 1583 despicere,
1408 1526 1460 1584 pro
1473 1513 1599 1568 terrenis
1624 1511 1746 1569 emiseris

98 1623 142 1664 me
154 1608 236 1664 nimir
250 1607 475 1663 inconvenienter
485 1605 588 1677 egisse,
608 1622 662 1660 non
677 1607 850 1663 defenderem
861 1612 892 1662 et
939 1608 1090 1679 percipere.

97 1697 224 1753 onnniitue
238 1697 394 1761 tacentibus
409 1696 524 1767 ipseme
538 1710 592 1750 non
616 1695 722 1752 modice
744 1697 891 1767 reprelien·
975 1697 1034 1753 lion
1052 1695 1140 1752 solum
1156 1691 1308 1766 praemium,
1323 1692 1372 1748 sed
1385 1691 1548 1762 relgratiae
1569 1689 1667 1746 iateor
1694 1703 1746 1758 me,

97 1791 202 1841 «ierem.
224 1786 305 1842 insit
325 1785 400 1840 enirn
425 1795 455 1842 ιιι
477 1800 559 1856 quern
583 1800 599 1839 u
622 1801 709 1855 puero
723 1795 751 1841 et
772 1776 1089 1857 sprimadeecundam
1106 1783 1233 1839 meritum
1259 1787 1419 1837 restrumet
1441 1777 1617 1833 desiderium
1645 1793 1747 1843 rrreom,

97 1874 252 1945 cognitione
265 1883 345 1931 tanto
355 1875 458 1940 studio,
482 1887 531 1946 pro
548 1874 657 1930 modulo
676 1889 743 1929 mese
754 1875 891 1945 passibili·
941 1876 1035 1950 pieteti
1049 1883 1147 1932 restrae
1159 1888 1212 1929 nen
1228 1886 1309 1943 posse
1324 1869 1472 1942 rependere
1497 1884 1552 1940 pro
1583 1870 1747 1926 misericor·

97 1967 174 2032 tatis,
201 1973 228 2021 te
247 1974 326 2032 teste,
351 1965 451 2031 dilexi,
479 1981 551 2022 nnnc
566 1974 593 2021 te
615 1968 761 2039 negligam,
776 1981 839 2022 uum
855 1966 890 2021 ad
940 1967 994 2030 dia,
1017 1978 1097 2035 quern
1117 1962 1217 2019 dilecto
1244 1959 1322 2015 iratri
1339 1972 1400 2015 mco
1423 1957 1558 2014 iiauritin
1575 1959 1605 2014 in
1627 1957 1747 2014 iufirmi-

97 2072 203 2114 morutn
216 2057 379 2128 probitatem
392 2065 422 2113 et
437 2072 558 2115 amorem
574 2058 631 2124 liet,
643 2069 775 2130 quantum
788 2057 882 2129 largiri
941 2062 997 2111 itte
1010 2070 1058 2110 stra
1072 2053 1200 2122 dignatur
1213 2050 1391 2121 impendere:
1414 2049 1550 2119 quioniam
1567 2059 1666 2105 umen
1680 2051 1747 2106 alte·

97 2149 205 2219 elpram
221 2157 264 2204 est
279 2162 397 2218 superna
411 2149 567 2217 clementia,
582 2149 741 2221 proieceris,
754 2151 891 2208 etindies
941 2160 1002 2199 rum
1019 2142 1254 2213 utcunqueralco,
1270 2142 1304 2196 ad
1320 2139 1438 2196 alterum
1470 2149 1568 2196 mmeu
1585 2141 1749 2197 nuliatenus

96 2238 194 2296 nitaris
204 2241 360 2310 prolicere:
374 2242 447 2311 quod
460 2256 568 2312 semper
580 2243 614 2298 dc
626 2250 653 2297 te
669 2243 833 2299 desiderarit
842 2256 892 2298 cor
941 2237 1061 2303 enesim
1076 2237 1192 2308 injustus
1207 2235 1272 2290 nriiri
1288 2234 1415 2290 rideorsl
1427 2235 1454 2289 in
1467 2249 1512 2301 co,
1524 2236 1601 2305 quod
1620 2250 1744 2307 possam,

97 2330 476 2399 nreum,etsatepitstudiam
496 2346 599 2387 meum.
622 2332 723 2403 iiiique
743 2341 890 2402 aneqeam
941 2329 1048 2386 delicio.
1058 2329 1167 2385 Gratias
1186 2327 1270 2399 igitur
1283 2334 1381 2391 tantus,
1397 2336 1501 2396 quanta
1514 2340 1578 2382 mea
1606 2327 1744 2396 possibili·

97 2431 159 2477 tuas
173 2421 240 2478 milti
263 2421 369 2492 priores
394 2422 499 2479 litteras
516 2425 728 2492 trarrsmitteree,
751 2439 825 2481 mers
842 2422 889 2480 tibi
941 2430 1048 2489 tasest,
1061 2420 1169 2487 reiero;
1183 2420 1230 2476 sed
1251 2418 1392 2489 premium
1413 2418 1492 2474 robis
1511 2419 1610 2475 -rnultc
1629 2419 1744 2490 oprim-

97 2515 323 2572 tranamittendas
347 2530 398 2586 per
421 2516 550 2586 primum,
582 2518 630 2589 qui
655 2533 685 2574 se
708 2525 889 2589 opportunum
942 2515 1023 2572 tinea
1040 2511 1331 2569 curistoreddeutum
1346 2523 1470 2576 reservo,
1489 2510 1537 2566 eui
1555 2510 1608 2581 ipsi
1631 2510 1741 2587 ipiirmo

96 2602 240 2662 exhiberet
256 2606 393 2671 nuntium,
413 2620 586 2676 paraveram.
602 2606 657 2663 Seri
684 2622 747 2663 cunr
762 2607 891 2663 eumdem
941 2619 1034 2660 currum
1046 2603 1190 2668 exhibetis,
1216 2603 1274 2672 ipso
1290 2608 1370 2668 teste,
1398 2600 1426 2654 in
1439 2614 1491 2655 suo
1501 2615 1588 2656 seruo
1601 2600 1740 2658 iiaoritio.

96 2694 220 2765 epistole
247 2702 300 2752 tue
321 2695 436 2752 latorem
455 2710 604 2766 congruum
619 2697 807 2753 existimarem
823 2709 892 2752 mete
933 2697 1133 2765 ¹Precoretiam
1144 2705 1289 2766 quatenus,
1304 2693 1434 2750 electros
1448 2695 1607 2749 mercedem
1621 2711 1677 2750 non
1693 2704 1739 2749 te·

97 2784 256 2853 relatorem,
280 2787 397 2859 eorrtipit
417 2802 491 2853 erum,
520 2797 620 2859 preter
642 2802 718 2858 spem
742 2797 771 2844 et
795 2796 889 2844 votum
940 2787 1173 2859 deuitperlecmm
1188 2785 1345 2857 pereipem
1363 2785 1400 2841 itt
1415 2799 1471 2840 uon
1485 2784 1593 2854 pigeat,
1604 2795 1739 2855 qrrantum

97 2892 177 2933 strum
191 2887 219 2934 et
233 2893 336 2946 meunt,
357 2889 412 2934 tem
431 2878 636 2936 diu‘demorari
657 2890 760 2936 utores
773 2879 889 2951 epistola
941 2878 1058 2936 introitis
1077 2886 1132 2943 est,
1150 2877 1294 2933 sanitatem
1310 2875 1446 2946 inceptam
1461 2873 1606 2946 perlicere.
1627 2873 1685 2931 Sed
1699 2874 1742 2930 iris

98 2979 152 3026 ture
175 2969 261 3041 priori
287 2969 456 3042 respondens
477 2970 534 3041 iam
557 2972 661 3042 scripta
679 2986 695 3027 a
722 2980 768 3026 tua
782 2970 890 3027 risione
941 2965 1168 3038 premissisque
1181 2963 1292 3020 debeam
1307 2977 1357 3034 pro
1371 2963 1522 3034 gratiarum
1537 2962 1743 3034 actionemuaa

98 3060 193 3116 tandiu
208 3061 374 3128 diiierretur,
390 3062 476 3119 donec
491 3062 609 3119 secunda
625 3071 670 3117 tua
686 3062 752 3118 natet
765 3061 891 3119 dellerre·
917 3094 922 3099 -
941 3069 1092 3130 sequuntur
1107 3065 1189 3112 erunt
1202 3057 1235 3111 de
1247 3055 1364 3125 quadam
1376 3071 1457 3126 quam
1469 3053 1545 3110 ruitis
1569 3053 1665 3108 adhuc
1687 3056 1743 3110 tie-

98 3163 153 3207 tur.
165 3151 242 3210 licet
254 3153 329 3211 enirn
343 3153 423 3210 molti
441 3153 620 3210 iiortunamt
635 3155 670 3211 ad
683 3153 786 3224 inpios
798 3116 924 3209 trane-⁰
940 3153 992 3208 beo
1004 3149 1188 3221 responsione.
1200 3146 1271 3203 Olim
1287 3161 1420 3216 namque,
1438 3160 1497 3200 eam
1515 3144 1624 3200 titteris
1637 3154 1744 3202 reatris

97 3250 175 3309 eant,
197 3243 354 3313 paucissimi
376 3253 468 3301 tamen
487 3252 552 3300 sunt
571 3245 816 3315 qutimcseiente,
837 3245 891 3302 iroe
940 3243 1096 3300 dilectionis
1112 3240 1256 3310 reserpere
1272 3253 1326 3294 nou
1355 3236 1538 3307 totumquoti
1554 3246 1654 3294 utente
1678 3253 1744 3294 eoa·

101 3331 221 3398 iacient;
236 3333 263 3389 in
275 3334 374 3405 soline
388 3335 559 3406 paucissimis
572 3336 615 3391 rix
632 3344 675 3391 est
689 3335 797 3405 aliquis,
808 3349 889 3405 ouem
942 3350 1080 3406 ceperam,
1090 3333 1232 3402 descripsi.
1245 3332 1386 3402 Quatenus
1407 3341 1498 3390 restra
1515 3331 1665 3401 prudentia
1690 3331 1743 3388 mi·

97 3432 219 3479 nostram
236 3424 398 3495 legationem
414 3426 475 3483 sine
487 3426 615 3481 dilatione
630 3435 658 3481 et
672 3441 726 3481 nou
748 3428 889 3497 negligen·
940 3444 992 3485 nus
1004 3428 1147 3484 fastidiose
1160 3423 1196 3458 ¹⁶⁸
1208 3425 1370 3496 perciperet,
1384 3424 1456 3494 quod
1475 3423 1612 3493 scriptum
1624 3421 1678 3478 sibi
1688 3423 1741 3478 eri-

98 3526 141 3571 ter
155 3515 290 3570 ircirtrum
303 3515 448 3570 conticium.
467 3516 521 3570 Sed
539 3524 571 3570 ut
591 3532 636 3571 res
647 3517 681 3550 ¹⁰¹
695 3517 753 3586 lpse
765 3531 808 3571 me
818 3517 891 3586 epod
942 3515 1476 3589 nusrerboseperepiceret.tidsanrdcm
1491 3516 1744 3587 igitarrsepemio·

97 3618 189 3660 meum
204 3615 316 3662 excuset
335 3605 551 3675 criminatorem,
573 3608 642 3664 dms
662 3623 739 3664 meas
761 3609 891 3678 epistolm
940 3614 1742 3686 compertissimuminleriusepistolammmcmli-

98 3697 204 3754 esrem
216 3698 270 3753 tuis
283 3699 478 3770 respondentes
493 3699 574 3756 mitto
585 3713 635 3770 per
648 3708 757 3756 tuarum
777 3700 888 3758 latores.
941 3705 1741 3771 net.damnemdilectammttriionsetmemrestram,tmtn

97 3791 133 3845 Et
159 3790 288 3861 qnoniam
316 3805 378 3849 cum
401 3792 558 3864 iotporlrrno
582 3794 715 3852 miltites
735 3805 789 3862 eet,
815 3796 889 3867 quod
939 3796 1030 3851 studio
1041 3796 1212 3852 dilectionem
1224 3796 1285 3851 uilis
1298 3795 1465 3859 itomonouii,
1478 3808 1573 3851 meam
1584 3795 1662 3863 diro,
1676 3794 1739 3850 ade-

98 3880 257 3953 slepiliatim
276 3881 387 3953 erisque
411 3884 580 3952 temporibus
603 3883 695 3942 iacere
718 3901 771 3942 non
796 3887 887 3957 potui;
940 3886 1157 3940 ctareiutueort
1173 3885 1355 3955 utioueiilam
1367 3894 1443 3940 tanta
1467 3898 1519 3940 soa
1536 3885 1739 3954 supplicatime

98 3970 288 4028 saltemsimui
302 3973 336 4028 ad
350 3973 727 4042 mersseendumincredmo,
739 3975 891 4031 etsatisla·
940 3976 1029 4047 malus
1046 3976 1147 4047 aliquid
1162 3978 1272 4042 rnrreri,
1292 3992 1374 4048 quam
1387 3991 1466 4032 metu
1489 3978 1530 4032 eit
1555 3992 1640 4033 arnor
1660 3975 1740 4034 eoni-

98 4062 224 4119 eiendum
245 4062 400 4135 suspicioso
421 4063 514 4121 iecere
528 4066 661 4137 disposui.
682 4066 759 4131 iilud,
779 4076 891 4138 propter
941 4077 1011 4122 teor.
1028 4066 1224 4136 sedquoniam
1239 4069 1312 4124 aliud
1340 4068 1405 4138 quiri
1440 4068 1613 4124 satisdare
1642 4067 1740 4139 possim

38 4204 45 4209 .
98 4153 172 4224 quod
195 4163 336 4226 matopere
350 4169 394 4212 une
408 4158 679 4214 reuerendoedomlni
694 4167 723 4215 et
736 4159 825 4214 Patris
844 4174 890 4216 no·
941 4157 1198 4226 meiusamorenon
1211 4159 1313 4225 lustrem
1328 4158 1417 4229 ipsum
1438 4172 1524 4228 quern
1539 4159 1680 4228 maiorem
1693 4173 1739 4230 pro

98 4248 148 4302 stri
186 4247 382 4318 archiepiscopi
420 4248 520 4305 instare
556 4249 694 4305 sanctitati
732 4251 888 4320 postulasti,
937 4247 1400 4318 mecumtuiopossum,erliueo.
1416 4248 1551 4317 iiaiorem
1579 4266 1652 4307 uero
1677 4250 1738 4306 ‹ille-

98 4346 202 4407 quanto
213 4335 361 4394 studiosius
372 4337 522 4394 seeundum
536 4346 608 4393 tuam
625 4339 791 4395 voluntatem
802 4342 888 4410 potui,
941 4339 1058 4395 ctionem
1071 4349 1146 4408 puto,
1164 4341 1237 4410 quod
1247 4355 1263 4395 a
1275 4354 1321 4396 me
1333 4354 1413 4397 nemo
1426 4340 1501 4395 vaiet
1515 4341 1644 4414 eripere,
1661 4354 1738 4412 quam

99 4431 127 4484 iu
140 4430 258 4501 quadam
273 4445 332 4487 mea
346 4429 384 4486 ilii
404 4430 487 4486 missa
498 4429 612 4502 epistola
628 4431 718 4488 lacere
733 4432 845 4487 tentari.
856 4432 887 4489 Sl
904 4437 1062 4528 „utrelim
1077 4450 1138 4490 eum
1155 4443 1282 4503 tenqrram
1306 4432 1438 4501 meipsum
1461 4430 1588 4503 diligere.
1619 4431 1738 4503 Quapro

100 4519 194 4587 igitur,
208 4535 269 4576 curn
284 4520 343 4590 ejus
363 4535 472 4591 semper
494 4522 574 4578 nouis
592 4523 777 4594 ampiectenda
792 4525 890 4594 gratia,
943 4535 1003 4597 pter
1017 4527 1040 4583 si
1054 4524 1131 4581 robis
1146 4522 1271 4588 consulo,
1282 4522 1355 4593 queri
1371 4534 1413 4576 me
1422 4520 1502 4584 milri,
1517 4535 1582 4576 oum
1596 4521 1641 4577 sic
1653 4535 1737 4577 emeat

100 4619 127 4664 te
141 4610 176 4664 ad
193 4625 253 4676 nos,
267 4612 416 4666 seeundum
429 4614 501 4681 quod
519 4613 565 4668 tibi
582 4615 700 4684 expedit,
714 4624 742 4671 ot
755 4629 805 4688 ege
819 4626 846 4673 et
861 4626 890 4675 lu
943 4615 1015 4672 sicut
1027 4630 1075 4670 uos
1088 4628 1159 4670 nnuc
1169 4612 1247 4677 estis,
1259 4611 1431 4684 singulariter
1440 4611 1630 4679 consuluisse,
1643 4626 1737 4669 euasu-

99 4701 297 4767 ‹icsideramus,
311 4703 401 4759 redire
412 4703 494 4775 325
504 4706 659 4775 contigerit,
673 4709 744 4778 quod
759 4708 890 4779 scriptum
944 4704 1022 4761 lendo
1037 4703 1166 4770 mutuose,
1180 4701 1296 4759 tenendo
1306 4715 1410 4766 amare,
1422 4699 1543 4756 amatodo
1561 4700 1664 4758 latim
1679 4715 1739 4772 pro-

98 4793 153 4849 erit
179 4794 213 4850 de
237 4793 397 4865 apltorismo
429 4802 516 4850 tecum
539 4796 615 4852 siler.
643 4798 753 4855 interim
786 4808 888 4864 tamen,
943 4797 1023 4861 iteri,
1037 4806 1065 4851 et
1076 4805 1131 4852 tota
1145 4796 1200 4850 rita
1215 4793 1265 4849 niti
1277 4792 1457 4864 cognoscitu
1473 4807 1525 4848 ros
1539 4794 1595 4864 ipsi
1606 4794 1737 4866 judicstt.

99 4892 230 4955 quantum
247 4884 307 4940 sine
321 4894 367 4941 tuo
381 4883 552 4942 incommodo
575 4895 663 4957 potes,
688 4887 722 4943 de
744 4894 819 4943 textu
834 4888 888 4957 pri-
942 4888 964 4943 si
982 4887 1045 4943 iiiml
1060 4901 1188 4958 respuere
1199 4885 1332 4950 debeatis,
1346 4899 1408 4940 rum
1422 4883 1474 4940 lroc
1486 4898 1540 4955 ego
1564 4887 1650 4945 robis
1675 4886 1737 4959 mie

99 4992 174 5034 mum
187 4975 279 5044 cidem
294 4975 403 5043 deinde,
420 4976 443 5034 si
466 4977 515 5033 tibi
529 4977 650 5045 licuerit,
664 4980 698 5036 de
711 4978 822 5051 plesse
838 4979 891 5037 imo
940 4976 1003 5033 iiter
1015 4978 1169 5042 exitiosam,
1181 4975 1252 5046 quod
1263 4989 1336 5030 rosa
1347 4988 1391 5030 me
1404 4971 1566 5044 suppliciter
1580 4973 1737 5046 exposcitis.

98 5075 163 5122 ante
177 5066 269 5120 omnia
282 5081 406 5133 serram,
428 5075 460 5122 ut
474 5067 606 5138 quidquid
627 5083 663 5124 ex
689 5082 725 5126 co
746 5069 888 5135 detuleris,
941 5071 1062 5140 lienique
1096 5069 1154 5138 ipsa
1195 5067 1357 5125 reserabitis
1386 5065 1488 5122 domim
1518 5075 1548 5123 et
1571 5064 1670 5123 Patris
1692 5081 1738 5122 ue·

98 5154 310 5227 diligentissime¹
330 5156 366 5211 sit
382 5166 548 5212 correctum.
565 5156 595 5212 st
613 5158 678 5228 quid
691 5172 768 5223 vero,
784 5170 809 5214 ts
824 5159 890 5214 red-
940 5162 990 5216 stri
1001 5159 1200 5230 archiepiscopi
1210 5156 1367 5223 auctoritas,
1382 5155 1461 5224 errius
1471 5154 1612 5225 iudicium
1628 5172 1680 5212 sna
1692 5168 1738 5208 nes

98 5257 191 5314 eunte,
208 5247 345 5305 residuum
360 5252 425 5306 iude
443 5250 543 5316 luerit;
561 5249 584 5306 si
599 5262 750 5320 opportune
772 5251 889 5307 dontinus
940 5254 997 5322 ipsu
1020 5252 1162 5322 prudentia
1176 5249 1244 5314 lulli,
1260 5264 1310 5304 nec
1325 5246 1430 5317 justitia
1454 5246 1551 5302 ialiere
1580 5248 1736 5318 permittetg

723 5406 841 5465 vuttiAE
857 5403 1058 5467 tectiores.

137 5539 171 5572 ¹¹⁸
184 5537 252 5592 Gen
268 5538 359 5594 rodeat
369 5556 419 5594 nra.
432 5538 530 5594 collate
567 5541 600 5574 '⁸⁰
610 5539 684 5595 Pattri
698 5550 727 5596 et
739 5539 795 5596 lilio
810 5555 859 5597 suo
871 5539 1032 5597 charissimo
1049 5554 1099 5593 ms.
1111 5547 1134 5592 et
1150 5535 1224 5590 Edit.
1240 5531 1358 5596 l'icsrdi,
1373 5531 1451 5589 tratri
1463 5540 1491 5587 ct
1505 5530 1563 5587 dito
1574 5531 1739 5589 charissimo

101 5608 135 5639 ¹⁸⁰
155 5607 185 5663 Ιιι
209 5607 332 5663 adrensis
357 5610 533 5664 numidmrem
560 5628 610 5666 nte.
638 5611 664 5665 iu
688 5611 802 5667 adversa
828 5611 1006 5667 mutationem
1044 5606 1076 5638 ¹⁶¹
1099 5603 1473 5673 Setielretutt.eetittlree
1507 5602 1544 5638 ¹⁸¹
1554 5600 1739 5660 denotetur

98 5676 220 5750 iiaontpi.
232 5678 382 5746 prenotatis
396 5695 444 5733 nte.
457 5677 502 5735 iu.
522 5680 620 5736 collata
657 5679 690 5711 ¹⁸³
700 5678 850 5739 fastidiose
863 5697 911 5739 ute.
928 5681 957 5735 i.
968 5676 1089 5737 studiose
