3690 6008
124 227 154 281 tn
651 222 680 278 s.
697 221 845 279 nussum
867 218 1040 275 ennrunn.
1057 214 1212 273 auctrice.
1684 188 1689 197 ’
1721 226 1756 281 52

123 340 286 402 asccttdcre,
309 336 377 392 vidit
392 337 418 393 in
435 336 545 408 planitie
559 292 612 406 qua
626 335 753 404 pergebat
768 333 800 387 ad
818 335 911 403 pedem
927 338 948 392 Α
965 329 1030 384 chris
1051 329 1108 383 steri
1124 338 1242 398 cuperet.
1263 329 1385 384 Studium
1406 345 1513 400 quoque
1533 330 1709 396 litterarum,
1732 338 1758 391 tn

123 430 224 486 montis
243 429 384 494 nudieres,
403 444 462 498 quae
483 427 553 497 regis
567 437 644 481 eraut
663 425 767 479 arteillae
782 465 789 490 ,
807 433 912 492 segetes

123 530 236 584 nectere,
255 521 301 575 sed
316 521 367 576 hoc
382 519 461 573 nimis
477 517 640 588 negligenter
653 516 787 570 iaciebant
802 524 828 570 et
842 516 912 570 desi·

123 612 207 667 diosc.
222 609 342 677 Quannn
356 624 422 679 puer
435 608 565 662 desidiam
580 606 674 663 dolens
688 622 720 662 ac
735 607 910 678 redarguens,

121 704 261 775 proposuit
279 705 370 756 aniene
385 717 413 756 sc
426 700 494 769 apud
512 699 650 755 dominum
674 712 762 770 regem
779 699 851 769 ipsas
865 713 912 754 ac·

122 803 290 849 eusatnrum.
307 793 409 848 Dehinc
421 800 514 847 monte
526 801 694 858 transcenso,
708 790 808 862 regiam
823 790 910 845 aulam

122 887 205 942 subit.
220 885 360 941 llcrrtinum
377 901 436 941 curn
451 884 507 940 solo
520 901 570 940 suo
582 885 702 956 dapifero
717 885 828 940 invenit.
844 884 911 940 Nam

103 964 105 969 ’
121 976 251 1031 familiam
264 991 351 1043 stram,
362 986 391 1031 ut
402 974 452 1030 sibi
465 977 617 1041 videbatur,
630 976 755 1046 quonium
767 963 912 1033 autumnus

99 1045 107 1134 :³
121 1077 192 1134 erat,
206 1069 239 1123 ad
255 1068 419 1139 colligendas
435 1083 536 1123 messes
552 1069 672 1124 miserat.
691 1068 846 1138 ingrediens
861 1071 911 1124 ita·

95 1147 102 1233 ,l
120 1175 173 1230 quc
184 1175 260 1229 puer,
274 1175 290 1215 a
303 1160 413 1215 domina
426 1169 548 1215 vocatur.
559 1159 680 1224 decedit,
692 1168 772 1229 atque
784 1161 817 1215 ad
831 1162 912 1231 pedes

120 1250 179 1322 dtis
193 1253 279 1308 sedet.
294 1252 479 1323 iuterrogatnr
489 1251 608 1321 jacienda
621 1251 779 1307 allabilitate
791 1255 852 1323 quis
865 1253 911 1320 sit,

120 1344 164 1399 rel
179 1345 250 1399 unde
261 1344 359 1414 quidue
373 1344 447 1400 uelit.
462 1343 618 1414 Respondet
631 1344 674 1400 ille
688 1346 721 1399 ad
737 1347 910 1416 interrogata,

117 1433 195 1504 juxta
210 1435 281 1505 quod
297 1450 354 1492 rcm
369 1451 428 1492 esse
441 1437 553 1492 sciebat.
569 1436 645 1491 Tunc
658 1437 691 1491 ad
708 1436 850 1507 imperium
865 1437 912 1492 tlo-

120 1529 186 1584 mini
206 1530 284 1598 panis
305 1530 329 1584 ci
348 1529 526 1586 nitidissimus
547 1545 596 1601 per
616 1529 767 1600 dapiferum
789 1529 910 1596 affertur,

120 1635 207 1691 eoque
222 1637 312 1677 caram
325 1621 383 1692 ipso
396 1621 525 1678 relicitur.
538 1622 616 1677 blane
628 1623 710 1694 igitur
720 1638 780 1677 cum
793 1621 857 1692 quid
869 1622 911 1675 ui·

121 1713 193 1769 derit
206 1724 267 1769 ante
283 1715 376 1770 oeulos
391 1716 491 1770 mentis
507 1714 663 1780 reduceret,
680 1716 750 1771 sicut
764 1730 831 1785 puer
845 1715 911 1771 sirn-

119 1803 181 1872 plex
203 1813 231 1859 et
251 1803 382 1860 innocens
398 1819 428 1860 se
450 1805 583 1861 veraciter
603 1806 629 1858 in
653 1805 721 1860 coelo
737 1814 764 1860 et
786 1820 819 1860 ex
842 1819 912 1874 pane

120 1892 227 1948 Domini
240 1892 372 1948 relectum
387 1894 470 1948 luisse
480 1892 617 1960 credebat,
633 1893 737 1965 hocque
747 1907 838 1950 mrant
852 1894 911 1950 aliis

120 1989 159 2043 ita
171 2003 231 2044 esse
246 1989 353 2057 publice
371 1990 521 2044 asserebat.

153 2081 182 2135 tl.
201 2080 292 2135 Creuit
313 2094 378 2150 ergo
394 2093 461 2148 puer
479 2089 506 2135 ct
529 2081 564 2136 ab
587 2081 712 2136 tironibus
738 2081 910 2153 diligebatur.

118 2167 208 2224 liores
220 2167 319 2223 etenim
333 2168 409 2236 probi
423 2168 448 2223 in
462 2182 495 2224 co
506 2179 600 2236 erant,
613 2169 659 2238 qni
673 2184 836 2239 magnopere
848 2185 910 2225 euru

119 2258 195 2329 diligi
211 2257 355 2314 iaciebant.
374 2257 502 2314 Traditur
516 2258 630 2324 litteris,
644 2259 738 2322 discit,
752 2269 780 2314 et
793 2260 820 2314 in
834 2261 910 2317 brevi

117 2349 264 2422 plurimum
286 2349 400 2420 proten.
420 2349 539 2406 Necdum
559 2352 685 2420 attigerat
706 2352 793 2406 aetatis
809 2368 909 2408 annum

117 2440 241 2512 quintum
255 2442 405 2507 deeimunr;
424 2450 451 2497 et
462 2439 519 2510 jam
532 2442 649 2510 qualiter
662 2443 809 2498 seeundum
825 2443 910 2498 Deum

116 2533 201 2585 vitam
216 2528 311 2584 melius
326 2530 467 2585 instituere
482 2538 589 2601 posset,
606 2543 696 2586 ruente
710 2532 853 2598 tractabat,
870 2533 911 2588 id·

118 2634 171 2688 quc
188 2619 311 2688 concepit
332 2620 402 2690 apud
417 2635 464 2687 se,
483 2621 550 2676 nihil
569 2621 595 2677 in
611 2621 750 2677 hominum
765 2636 910 2678 conversa·

118 2713 193 2766 tione
222 2712 416 2769 monachorum
441 2713 495 2768 rita
522 2715 694 2783 prestantius
723 2730 795 2771 esse.
820 2715 907 2782 Quam

117 2803 225 2873 assequi
236 2804 357 2874 cupiens,
372 2805 492 2864 renitad
503 2805 645 2876 quemdam
658 2806 710 2863 sibi
720 2817 812 2864 netum
825 2807 909 2864 abba·

117 2903 182 2957 tem,
198 2909 297 2964 rogans
311 2894 386 2951 illum
402 2905 431 2951 ut
445 2911 474 2951 se
490 2895 652 2952 monachum
668 2895 780 2953 laceret.
795 2897 847 2955 Sed
861 2899 909 2954 ab·

115 2984 175 3049 bas,
189 2984 326 3041 voluntate
338 2985 410 3042 illins
420 2988 521 3059 agnita,
536 2988 607 3058 quud
620 2987 727 3058 petebat
738 2988 821 3045 inscio
831 2998 908 3060 patre

115 3071 197 3134 illius.
213 3090 248 3132 ne
262 3074 411 3133 ellendcret
424 3077 544 3132 animum
560 3077 632 3146 ejus,
654 3079 745 3135 lacere
758 3079 902 3136 reeusarit.

115 3163 152 3220 At
165 3164 208 3220 ille
225 3165 252 3220 in
268 3180 317 3221 sno
331 3167 468 3238 proposito
482 3180 607 3239 perstans
620 3171 709 3227 orauit
723 3171 821 3237 Deum,
838 3189 905 3243 qun·

116 3261 195 3321 tenus
213 3253 345 3309 infirmari
368 3265 528 3324 tutereretur,
544 3270 573 3313 ut
590 3261 629 3314 vel
648 3261 688 3316 sic
710 3261 742 3315 ad
766 3263 904 3319 ritcnacbi-

114 3359 176 3400 cum
191 3359 271 3415 quem
285 3345 469 3414 desiderabat,
486 3350 608 3405 ordinem
624 3351 815 3421 susciperetur.
837 3351 904 3408 llira

115 3436 172 3490 resl
191 3433 224 3490 llt
237 3435 309 3491 enim
324 3436 393 3494 beus
404 3438 554 3496 declararet
567 3450 696 3512 qnantum
709 3441 791 3495 etiarn
807 3443 832 3496 in
845 3443 904 3498 aliis

114 3524 149 3582 de
161 3541 217 3582 suae
230 3527 339 3596 pietatis
354 3528 447 3586 auditu
460 3531 596 3588 certfiderc
609 3541 710 3601 posset,
726 3546 822 3601 preces
835 3532 904 3589 illius

114 3617 267 3684 exaudivit,
283 3633 315 3676 ac
330 3619 367 3675 illi
382 3623 504 3691 protinus
517 3623 632 3678 validam
648 3625 769 3696 eorporis
784 3624 905 3683 debilita-

115 3715 168 3761 tem
186 3707 306 3764 immisit.
327 3709 433 3767 Acriter
455 3712 537 3784 igitur
554 3714 706 3770 infirmatus
727 3716 760 3770 ad
779 3717 903 3772 abbatem

115 3798 208 3868 mittit,
224 3810 338 3857 nicetem
352 3818 382 3858 se
397 3805 492 3860 timere
504 3807 677 3876 pronuntiat,
692 3819 754 3865 crat
768 3819 798 3865 ut
813 3826 905 3866 mona·

113 3887 181 3943 chus
191 3889 253 3946 ilat:
266 3892 376 3962 prelato
389 3897 484 3951 timore
493 3897 617 3954 obstante
629 3914 682 3955 non
694 3900 803 3970 litquod
815 3910 905 3971 postu-

114 3981 207 4051 labat,
226 3993 254 4040 et
275 3987 327 4042 hcc
347 3988 455 4059 quidem
479 4000 607 4060 quantum
631 3993 664 4047 ad
680 3993 827 4047 burrianum
846 4008 905 4063 spe·

113 4085 169 4132 ctat
182 4077 242 4150 [ol.,
258 4089 362 4134 tantum
374 4082 525 4154 spectabat]
539 4097 662 4138 examen.
676 4082 809 4139 Ceterum
823 4084 903 4150 Deus,

112 4180 193 4235 quem
212 4166 302 4223 lutura
319 4186 372 4225 non
395 4170 506 4237 fallunt,
525 4187 634 4228 servum
652 4188 730 4227 strum
755 4173 838 4244 ipsius
853 4173 903 4228 loci

113 4259 321 4316 eottvcrsatioue
336 4261 423 4317 noluit
437 4262 584 4331 implicari,
599 4273 741 4334 propterca
753 4266 825 4335 quod
839 4265 905 4322 alios

963 433 1017 488 quo
1036 433 1066 472 sc
1088 432 1250 488 uiagnapere
1268 417 1373 473 solebat
1396 434 1540 486 exercere,
1565 423 1667 477 sensim
1685 434 1760 494 post-

962 521 1072 577 ponere,
1090 520 1121 561 ac
1130 506 1295 575 iuuenilibus
1309 506 1380 561 ludis
1393 511 1474 578 erepit
1486 525 1596 580 operam
1613 512 1691 569 dare.
1708 517 1760 572 Vc·

962 608 1114 654 runnumen
1132 598 1177 668 pia
1200 598 1308 653 dilectio
1326 607 1355 653 et
1375 599 1489 670 diligens
1514 602 1616 670 pietas,
1641 620 1711 675 quas
1732 609 1759 663 in

962 700 1076 746 matrem
1087 707 1164 747 suam
1178 690 1306 758 babebat,
1318 693 1439 747 nonnihil
1451 709 1513 748 eum
1526 695 1560 748 ab
1573 697 1631 752 istis
1647 702 1760 756 restrin-

961 781 1071 853 gebant.
1094 781 1224 839 Defuncto
1238 798 1304 838 vero
1323 783 1385 848 illa,
1410 784 1481 840 illico
1496 789 1573 842 navis
1593 791 1685 846 cerdis
1700 792 1759 861 ejus

961 873 1039 942 quasi
1063 875 1180 928 anchora
1203 875 1307 945 perdita
1330 875 1356 929 in
1377 873 1475 933 lluctns
1500 879 1590 934 sectili
1614 898 1682 952 pene
1703 893 1758 941 tcta

961 966 1064 1036 dilapsa
1078 976 1130 1022 est.
1146 967 1199 1022 Sed
1214 967 1383 1037 uirtutipctens
1396 969 1465 1023 [lens
1479 973 1630 1039 praesidens
1643 977 1708 1044 cquid
1724 978 1758 1031 de

961 1058 1007 1114 illc
1027 1057 1148 1113 laeturus
1163 1068 1231 1125 erat,
1246 1072 1278 1112 ne
1293 1059 1411 1113 animam
1426 1075 1502 1114 suant
1516 1077 1583 1131 paee
1599 1066 1758 1120 transitoria

962 1150 1063 1219 potitus
1080 1152 1225 1219 perderet,
1243 1148 1370 1204 infestum
1391 1150 1415 1203 ei
1429 1157 1457 1204 ct
1476 1151 1632 1208 intestinum
1656 1154 1756 1210 bellum

962 1242 1111 1312 generavit.
1127 1240 1183 1297 lloc
1198 1250 1253 1309 est,
1268 1242 1387 1295 animum
1403 1243 1489 1311 patris
1507 1241 1565 1312 ejus
1578 1246 1676 1300 acerbo
1690 1261 1757 1303 con-

963 1338 1003 1384 tra
1020 1330 1093 1385 illum
1110 1331 1172 1387 odio
1189 1331 1364 1386 inflammarit
1379 1331 1528 1397 intantum,
1549 1342 1579 1388 ut
1594 1350 1688 1407 reque,
1709 1344 1757 1391 aut

962 1429 1037 1474 certe
1050 1421 1136 1490 magis
1148 1434 1180 1474 ea
1195 1434 1255 1490 quse
1267 1419 1345 1485 bene,
1360 1420 1431 1475 sicut
1444 1435 1504 1489 qum
1518 1433 1660 1492 perperam
1678 1423 1757 1480 lacie-

961 1506 1020 1573 bat,
1032 1507 1230 1578 insequeretur.
1245 1504 1299 1562 Nec
1311 1507 1398 1579 aliqua
1415 1516 1519 1578 poterat
1532 1518 1637 1581 patrem
1649 1511 1758 1569 humili·

963 1606 1018 1653 tate
1032 1599 1127 1662 lenire,
1141 1600 1187 1655 sed
1202 1607 1304 1669 quanto
1319 1599 1355 1653 illi
1368 1612 1397 1654 se
1410 1599 1555 1654 exhibebat
1570 1601 1754 1671 humiliorem,

924 1679 1038 1743 Blauto
1056 1687 1131 1743 illurn
1153 1689 1204 1745 sibi
1225 1689 1361 1745 sentiebat
1380 1689 1557 1760 asperiorem.
1578 1690 1654 1758 Quod
1674 1693 1756 1750 nimis

962 1779 1130 1836 intolerabile
1147 1796 1282 1845 cernens,
1298 1790 1325 1838 et
1343 1796 1377 1836 ue
1394 1781 1514 1836 deterius
1528 1781 1591 1851 quid
1613 1783 1676 1838 inde
1691 1799 1757 1840 cen·

963 1871 1076 1943 tingeret
1088 1872 1196 1939 timens
1209 1872 1290 1943 elegit
1300 1872 1389 1943 potius
1400 1872 1521 1941 paternis
1532 1872 1613 1928 rebus
1623 1882 1650 1928 ct
1661 1877 1756 1944 patriae

961 1960 1168 2026 abrenuntiare,
1185 1976 1266 2031 quam
1281 1961 1351 2030 patri
1367 1975 1416 2016 suo
1429 1960 1469 2016 vel
1486 1960 1536 2016 sibi
1550 1963 1698 2032 quamlibet
1714 1965 1756 2019 iu-

960 2048 1070 2106 lamiam
1084 2068 1117 2107 ex
1130 2066 1178 2106 sua
1194 2052 1395 2108 collabitaticne
1409 2067 1563 2122 procreare.
1581 2052 1690 2109 Paratis
1704 2055 1757 2110 ita·

960 2158 1013 2215 qne
1028 2144 1080 2209 hls,
1096 2158 1157 2214 quae
1169 2142 1322 2200 necessaria
1333 2151 1413 2197 crant
1427 2143 1454 2197 in
1475 2143 1547 2197 riam
1560 2144 1648 2207 ituris,
1662 2147 1753 2214 patria

961 2233 1021 2307 [ol.,
1046 2233 1173 2306 patriam]
1199 2235 1348 2304 egreditur,
1371 2251 1426 2290 ιιιιο
1447 2235 1493 2305 qui
1513 2234 1564 2291 sibi
1582 2237 1758 2293 ministraret

960 2327 1060 2383 clerico
1086 2327 1240 2383 comitatus.
1264 2326 1386 2396 Cumque
1412 2327 1511 2382 dehinc
1534 2327 1560 2381 in
1590 2336 1756 2384 transcensu

960 2417 1059 2474 montis
1073 2416 1172 2474 Senisii
1185 2415 1224 2489 (3)
1247 2414 1419 2487 latigaretur,
1439 2423 1467 2471 ct
1487 2416 1585 2471 laboris
1608 2417 1756 2487 impatiens

959 2523 1073 2579 corpore
1085 2507 1221 2571 deficeret,
1236 2507 1308 2586 rlres
1323 2522 1387 2564 suas
1404 2508 1493 2562 nivem
1509 2506 1660 2562 mandendo
1675 2523 1754 2576 repa-

959 2613 1021 2653 rare
1030 2598 1163 2654 tentabat.
1176 2596 1231 2652 Nec
1242 2598 1313 2652 euim
1326 2596 1462 2666 aliudque
1476 2606 1639 2659 vesceretur,
1652 2606 1752 2667 praesto

958 2687 1020 2745 luit.
1040 2688 1117 2756 Quod
1141 2688 1266 2743 minister
1284 2688 1355 2742 illius
1379 2689 1543 2754 advertens,
1565 2687 1651 2742 doluit
1671 2698 1700 2743 et
1718 2703 1753 2744 ne

959 2781 1028 2838 l'crte
1040 2780 1105 2850 quld
1118 2780 1250 2835 edendum
1275 2778 1421 2833 baberetur
1436 2780 1461 2833 iu
1480 2779 1588 2834 sarculo
1603 2779 1648 2849 qni
1672 2780 1750 2833 asino

959 2876 1065 2933 illorum
1082 2875 1241 2943 uehebatur,
1258 2875 1401 2945 diligenter
1421 2875 1582 2945 investigare
1603 2874 1702 2943 erupit,
1720 2881 1748 2928 et

959 2983 1022 3024 mox
1035 2974 1128 3022 contra
1142 2981 1216 3035 spem
1232 2979 1328 3035 panem
1346 2965 1372 3020 in
1388 2979 1421 3020 ec
1433 2965 1625 3021 nitidissimum
1641 2965 1750 3034 reperit.

959 3059 1017 3126 Quia
1033 3058 1078 3114 illc
1096 3057 1216 3114 relectus
1229 3098 1236 3122 ,
1250 3067 1390 3112 recreatus
1409 3066 1466 3124 est,
1485 3066 1513 3112 et
1533 3058 1596 3113 uitae
1610 3057 1753 3113 incolumis

956 3152 1103 3206 redonatus
1121 3148 1182 3221 [ol.,
1201 3147 1366 3220 restitutusl.

990 3263 1015 3319 5.
1036 3261 1146 3317 Exactis
1158 3260 1255 3317 debinc
1268 3259 1366 3330 partim
1382 3259 1408 3314 in
1423 3256 1589 3327 burgundia,
1610 3257 1710 3326 partim
1725 3257 1752 3312 iu

954 3352 1069 3411 Francia
1095 3350 1182 3407 lerme
1210 3351 1296 3406 trihus
1320 3349 1414 3416 annis,
1442 3346 1649 3402 Nortlunaniam
1678 3347 1751 3402 radit

955 3440 1003 3516 [ol.
1025 3440 1121 3515 omit.],
1141 3439 1285 3497 Abrincam
1305 3438 1390 3509 ipsius
1425 3435 1570 3508 provinciae
1588 3435 1683 3490 urbem
1702 3451 1752 3506 pe-

955 3541 998 3606 tit,
1013 3539 1057 3595 ubi
1075 3537 1229 3608 aliquandiu
1248 3535 1424 3589 demoratur:
1441 3539 1502 3601 post
1520 3529 1577 3584 ltaec
1592 3529 1667 3584 veuit
1686 3528 1752 3583 bec-

955 3647 1027 3694 cum,
1056 3639 1084 3686 et
1118 3627 1276 3700 magistrum
1316 3622 1459 3693 quemdam
1488 3620 1595 3676 nomine
1617 3617 1752 3673 bonham·

955 3738 1015 3778 cum
1028 3721 1077 3794 (lt,
1090 3715 1394 3775 virutnuidelicetralde
1405 3713 1514 3776 bonnm,
1528 3713 1665 3781 praestanti
1682 3710 1744 3764 reli-

954 3814 1034 3886 gione
1048 3829 1079 3868 ac
1092 3810 1224 3881 sapientia
1241 3823 1304 3863 vere
1323 3804 1457 3870 nobilem,
1475 3801 1576 3866 videre,
1593 3800 1705 3870 alloqui,
1721 3812 1746 3855 et
1803 3821 1815 3834 ·

955 3904 1112 3962 cohabitare
1134 3904 1235 3958 rolens.
1260 3899 1401 3954 Excellens
1423 3895 1556 3966 siquidem
1583 3892 1654 3946 lama
1677 3893 1750 3947 illins

955 3995 1167 4064 circumquaque
1179 3991 1381 4061 percrebuerat,
1392 3996 1419 4041 et
1433 3983 1614 4040 nobilissimos
1625 3998 1748 4054 quosque

955 4084 1114 4141 elericorum
1126 4083 1160 4137 ad
1172 4097 1233 4136 eum
1243 4081 1275 4134 de
1287 4079 1391 4134 cunctis
1402 4074 1493 4131 mundi
1505 4071 1628 4144 partibus
1639 4071 1749 4141 agebat.

954 4174 1098 4231 druselmus
1108 4172 1191 4242 igitur
1199 4171 1258 4225 rire
1269 4170 1351 4234 adito,
1364 4181 1479 4237 eumque
1490 4164 1619 4235 singulari
1632 4163 1748 4233 quadam

956 4271 1088 4341 sapientia
1111 4266 1211 4338 pollere
1227 4263 1328 4335 agnito,
1351 4261 1409 4332 cjtrs
1430 4275 1460 4315 se
1475 4257 1631 4326 magisterio
1646 4256 1747 4320 subdit,

112 4347 244 4416 d⁰⁰⁵d³¹¹¹
259 4348 284 4405 5¹¹
300 4350 361 4406 ⁸5⁰⁰
376 4350 569 4407 miselissosdlffl
583 4367 638 4410 ⁸¹¹ae
654 4355 806 4410 tefflntlllos
821 4357 904 4411 halte-
920 4364 1034 4434 peiquc
1046 4370 1107 4432 post
1122 4360 1256 4416 modicum
1269 4355 1411 4411 familiaris
1427 4369 1481 4424 pra
1493 4351 1598 4408 ceteris
1609 4349 1748 4418 discipulis

112 4437 174 4502 bat,
193 4454 261 4509 quos
281 4450 310 4496 ut
326 4443 497 4513 postmodum
521 4444 618 4501 claruit
641 4446 741 4518 magis,
763 4461 811 4518 per
829 4447 902 4502 illum

111 4529 147 4586 ad
161 4544 237 4586 suam
252 4533 417 4590 volumtatem
436 4537 462 4591 in
482 4550 620 4608 posterum
638 4539 798 4610 disponebat
820 4539 904 4594 inler-

112 4620 192 4676 mari.
212 4620 276 4678 Post
289 4624 348 4679 baec
367 4627 469 4682 sortitas
489 4629 560 4683 redit
571 4628 683 4698 juveui;
700 4631 824 4701 qnodque
840 4641 903 4687 tunc

111 4711 259 4781 nequibat,
280 4715 307 4770 in
329 4715 420 4773 sutura
441 4733 470 4774 sc
493 4723 674 4792 pergratiam
696 4723 743 4779 ilci
767 4723 900 4779 iacturum

110 4811 202 4859 utente
215 4807 351 4873 proponit.

145 4895 173 4949 l.
193 4895 366 4952 Exindecum
377 4902 498 4971 corporis
508 4902 755 4971 sanitas,jurcnilis
765 4914 840 4972 aetas,
850 4921 901 4960 sae·

109 4986 164 5042 culi
179 4988 345 5058 prosperitas
358 4992 384 5046 ei
398 4992 545 5057 arrideret,
566 4996 649 5065 coepit
661 4996 789 5065 paulatim
809 4996 900 5051 terror

108 5078 192 5134 animi
208 5079 292 5148 ciusa
312 5082 438 5153 religioso
454 5087 589 5154 proposito
603 5096 750 5157 tepescere,
765 5088 898 5144 intantum

109 5177 139 5223 ut
149 5171 240 5227 saeculi
255 5175 313 5232 vias
322 5175 409 5248 magis
422 5177 536 5249 ingredi,
550 5195 631 5250 quam
644 5180 745 5237 relictis
753 5181 793 5237 cis
808 5195 899 5236 tutona·

954 4455 994 4510 stt.
1007 4454 1161 4524 Occupatur
1170 4451 1213 4506 die
1225 4456 1360 4518 noctuque
1373 4446 1399 4501 in
1415 4446 1565 4499 litterarum
1580 4441 1680 4506 studio,
1693 4454 1747 4494 non

953 4545 1040 4602 solum
1054 4559 1113 4615 quae
1126 4542 1232 4598 volebat
1245 4556 1259 4594 a
1272 4538 1424 4594 Lanirancc
1439 4534 1561 4605 legendo,
1575 4533 1622 4589 sed
1637 4540 1664 4586 ct
1677 4529 1746 4585 alios

952 4654 1011 4709 quae
1023 4635 1167 4708 rogabatur
1176 4633 1295 4689 studiose
1306 4630 1437 4686 docendo.
1448 4627 1563 4696 Propter
1573 4639 1632 4695 quae
1643 4622 1745 4688 studia,

952 4743 1013 4785 curu
1029 4741 1127 4796 corpus
1142 4725 1251 4795 sigiliis,
1270 4722 1371 4792 lrigcrc
1388 4730 1415 4775 et
1432 4719 1521 4774 inertia
1539 4716 1665 4786 latigarct
1681 4713 1745 4786 [ol.,

953 4815 1134 4889 latigareturl,
1153 4814 1227 4870 rcnit
1248 4813 1272 4869 ci
1294 4813 1320 4866 in
1336 4818 1454 4866 rnerrtem
1474 4809 1537 4878 quia
1558 4806 1580 4860 si
1598 4803 1746 4874 aliqnando

953 4910 1113 4976 monachus,
1126 4918 1155 4964 ut
1169 4908 1233 4963 olim
1249 4911 1435 4976 proposuerat,
1446 4910 1527 4965 esset,
1543 4897 1647 4954 acriora
1664 4911 1745 4967 quam

952 5002 1116 5074 patiebatur,
1127 5014 1188 5054 uum
1201 4997 1255 5067 pati
1267 5012 1319 5052 non
1329 5002 1477 5064 oporteret,
1486 4990 1546 5064 [ol.,
1556 4986 1687 5059 eportet]‚
1695 5000 1745 5041 nec

954 5101 1017 5149 tunc
1031 5091 1073 5147 sui
1087 5090 1186 5145 laboris
1198 5087 1323 5143 meritum
1337 5086 1470 5156 perderet,
1482 5083 1553 5152 quod
1568 5093 1640 5135 nunc
1653 5088 1744 5134 utruut

952 5184 1003 5240 sibi
1024 5189 1156 5250 maneret,
1178 5194 1233 5234 nen
1255 5175 1436 5250 prospiciebat
1460 5173 1519 5247 [ol.,
1539 5166 1742 5243 perspiciebat].

751 5361 958 5420 nunscttttmt
976 5359 1090 5416 ΝΟΜ.

145 5509 185 5583 (3)
204 5508 254 5566 Est
266 5515 424 5572 notissimus
436 5482 513 5573 mous
527 5517 657 5578 Senisius,
675 5515 785 5587 ejusque
800 5517 896 5573 diffiei-

107 5580 143 5639 lis
157 5594 288 5638 aseensus
302 5600 351 5654 per
364 5601 445 5656 quem
459 5590 591 5642 transitur
605 5603 636 5642 er
649 5588 725 5643 ltalia
742 5590 768 5643 iu
782 5589 896 5645 Galliam
981 5586 1021 5657 (l)
1042 5586 1107 5640 Erat
1125 5584 1157 5638 tl.
1176 5585 1342 5656 Luntrcucrrr
1357 5584 1462 5653 origine
1474 5580 1617 5652 Papiensis
1635 5596 1670 5640 ex
1688 5581 1740 5638 lta·

108 5652 147 5711 uti
162 5652 208 5710 hic
223 5649 340 5724 lactum3
362 5667 409 5712 aut
426 5658 508 5713 etiam
535 5659 592 5714 uice
611 5674 687 5715 uersa
709 5675 742 5714 cx
763 5658 849 5715 Gallia
870 5661 897 5714 in
946 5658 992 5725 lia,
1007 5666 1101 5727 postea
1115 5656 1337 5727 archiepiscopus
1350 5653 1565 5711 Carttuaricusis.

947 5516 1063 5571 ltaliam.
