3690 6008
65 225 117 286 ιιι
308 181 315 196 ’
580 232 771 295 amonstro
795 237 829 293 tu
850 239 948 298 esst.
969 240 1158 298 ursanum.
1242 184 1247 201 ¹
1365 207 1381 241 ''
1648 242 1701 302 tut

100 339 145 394 *Ἀ
165 338 245 396 ΟΜ
261 341 420 399 ⁸²⁰⁶⁰¹⁰f¹¹¹¹¹
438 344 610 415 5¹⁰⁰¹⁰f¹³¹582
627 352 779 420 invisibilis,
791 362 894 425 quota
910 356 985 414 Unde
1001 367 1058 414 tres
1072 354 1284 429 significationes
1298 354 1350 410 bor.
1363 352 1524 409 uocabulum
1539 353 1640 410 babere
1651 371 1700 410 vo·

65 440 160 486 ³³¹³¹⁰⁸
176 431 257 502 ¹³⁹⁵ae
270 444 342 501 suut,
356 446 421 504 qum
439 437 538 493 saccula
559 443 736 511 transierunt,
749 453 777 500 et
789 453 857 515 qttot
907 449 997 515 luisti;
1019 449 1107 519 primo
1130 448 1214 514 enim,
1238 461 1317 501 amen
1333 444 1467 517 accipitur
1480 446 1662 512 nominaliter,
1673 458 1701 502 et

66 521 157 577 lutura
181 534 254 590 sunt,
275 528 393 583 mutabis
407 544 440 583 ea
454 540 482 585 ct
498 534 685 589 mutabuntur.
709 536 749 592 'l’u
764 548 856 594 autem
906 551 948 596 est
959 555 1068 607 nomen,
1082 546 1110 595 el
1124 536 1261 611 significat
1281 547 1404 593 sanetum
1419 548 1447 593 ct
1466 537 1586 594 terribile
1601 553 1699 595 nomen

65 615 112 685 qui
127 616 229 685 dixisti,
244 617 299 688 Ego
314 635 373 674 sutn
385 622 430 691 qui
447 638 517 689 sunt,
533 625 603 680 idem
620 627 677 698 ipse
692 644 721 684 es
735 629 761 685 in
775 641 856 687 aeter-
908 644 995 698 tarum,
1017 643 1047 688 ut
1065 648 1127 689 curn
1142 631 1168 686 in
1184 630 1347 703 Apocalypsi
1368 631 1467 702 legitur
1482 631 1536 703 (ιιι,
1554 631 1597 702 Η)
1614 649 1621 685 :
1637 628 1700 687 llaec

66 720 130 758 ''¹¹¹''
148 706 324 765 ³¹¹¹'¹¹¹¹¹³¹'5¹l⁵
351 721 379 767 et
398 715 581 783 ⁰¹¹¹¹¹lll⁰¹01182
609 720 680 788 opud
700 735 781 790 qoem
801 736 856 776 non
906 723 972 779 dicit
988 740 994 777 :
1010 721 1107 787 Amen,
1137 722 1213 777 testis
1231 720 1317 777 fidelis
1329 729 1357 776 et
1376 735 1465 786 certus,
1484 720 1529 791 qui
1543 728 1584 776 cst
1599 720 1701 791 princi-

64 809 105 852 cst
117 802 308 857 trarrsmutatio
320 818 368 858 uec
383 804 577 864 vicissitudinis
588 809 856 869 obuntbratio.bicet
906 815 979 885 pium
995 823 1130 870 creaturae
1148 811 1239 869 [leid
1256 822 1281 868 te
1293 828 1357 886 ergo
1374 813 1483 869 donnino
1499 814 1555 868 beo
1566 828 1639 879 meo,
1654 812 1699 882 qui

63 889 137 944 enim
154 892 245 946 omnia
261 894 315 948 sint
335 910 367 950 ex
387 907 423 962 te,
440 906 467 952 et
488 913 536 968 per
560 909 598 967 te,
610 911 637 956 et
655 902 683 957 in
697 910 732 967 te,
751 920 803 959 non
816 912 856 959 ta·
905 906 979 962 solus
992 906 1043 962 boc
1058 907 1167 961 nontine
1184 906 1344 977 designaris,
1360 906 1441 960 totius
1455 905 1546 961 cordis
1568 904 1621 960 mci
1636 904 1701 960 alie·

63 995 125 1035 naen
141 991 204 1036 suut
225 985 296 1054 quod
312 994 339 1040 tu
357 1002 395 1053 es,
409 989 455 1057 qui
476 1003 507 1044 es
519 1000 639 1057 mutans,
657 1007 710 1048 nun
724 1004 854 1061 mutatus,
905 996 994 1051 ctibus
1005 995 1121 1066 postula,
1139 995 1259 1067 requiro,
1281 1003 1311 1049 ut
1325 1001 1435 1064 propter
1448 993 1629 1048 reverentiam
1647 993 1698 1047 bu·

64 1071 177 1138 sicient,
194 1089 316 1142 miens,
340 1079 388 1132 sed
408 1092 529 1136 araneus.
550 1080 655 1137 Etcum
672 1083 768 1140 boatus
788 1099 854 1154 apo·
902 1087 947 1158 jus
964 1088 1081 1143 rronrinis
1096 1089 1182 1144 sancti
1207 1088 1256 1154 tui,
1272 1102 1371 1142 nomen
1388 1101 1478 1142 meum
1504 1086 1529 1139 in
1554 1084 1622 1140 libro
1637 1083 1699 1138 uitat

62 1169 150 1221 ⁸²⁰¹¹¹⁸
173 1175 234 1222 tuus
252 1167 334 1235 dicat,
354 1171 426 1239 ettad
451 1187 502 1229 nos
519 1188 626 1240 stamus,
649 1175 676 1231 in
696 1191 765 1247 quos
788 1177 856 1234 lines
906 1182 1042 1238 rescribas
1063 1191 1115 1238 :et
1135 1195 1197 1236 cum
1221 1180 1283 1245 illis,
1303 1180 1349 1250 qui
1377 1179 1566 1236 custodierunt
1586 1178 1698 1237 sabbata

63 1255 225 1310 ⁸³³⁰¹¹¹⁰f¹¹¹¹¹
257 1256 440 1328 ⁴¹0V0¹¹0fflnli
467 1263 614 1320 aelttnitati
645 1274 698 1322 tuae
721 1267 854 1338 supplico,
906 1282 961 1341 toa,
975 1273 1151 1349 etelegepmt
1162 1273 1233 1345 quod
1247 1272 1365 1338 uoluisti,
1379 1281 1408 1328 et
1421 1272 1592 1327 redimerunt
1607 1269 1696 1331 loedtts

62 1343 134 1398 ⁰⁰¹5
149 1360 236 1411 meus,
252 1355 281 1401 ¹¹²
303 1348 330 1403 itt
349 1364 393 1405 me
407 1352 447 1407 sle
462 1352 584 1424 digneris
597 1355 712 1426 implere
724 1360 855 1429 apostoli·
905 1375 993 1431 tuuaa,
1006 1365 1054 1421 des
1066 1365 1132 1420 mibi
1147 1365 1174 1420 in
1188 1365 1268 1420 domo
1278 1372 1335 1429 tua,
1348 1372 1373 1419 et
1389 1363 1416 1418 in
1429 1362 1515 1417 muris
1529 1362 1582 1417 tuis
1596 1359 1696 1426 locum,

63 1450 124 1491 curru
139 1437 210 1493 istud
225 1441 348 1509 uerbum,
372 1452 401 1498 ut
416 1446 544 1502 saeculum
560 1447 602 1504 uel
618 1450 797 1519 secularitas,
809 1454 854 1524 qui
904 1466 932 1511 et
943 1470 1041 1510 nomen
1056 1455 1152 1510 melius
1170 1469 1251 1525 quam
1267 1468 1282 1507 a
1297 1452 1360 1508 liliis
1380 1460 1408 1508 et
1424 1451 1541 1517 filiabus,
1558 1459 1586 1506 et
1600 1463 1697 1504 nomen

60 1543 106 1583 ure
122 1531 282 1588 cartonicum
295 1534 336 1590 ucl
348 1538 510 1594 monachum
522 1540 590 1598 adeo
604 1540 670 1597 lacit
680 1544 853 1612 saecularem,
904 1547 1099 1617 sempiternum
1123 1544 1194 1617 quod
1212 1545 1245 1599 de
1258 1552 1358 1600 cetero
1374 1557 1427 1597 non
1443 1541 1550 1612 peribit.
1572 1538 1698 1596 Secundo

63 1626 134 1692 qrtod
147 1625 199 1680 boc
213 1626 377 1695 adiectiuum
390 1638 476 1687 totum
492 1649 571 1689 suum
588 1636 615 1690 in
630 1651 674 1692 me
686 1636 814 1694 absorbet
827 1648 855 1695 et
904 1639 1037 1710 accipitur
1053 1653 1132 1694 amen
1146 1634 1347 1692 adverbialiter.
1364 1634 1399 1690 Et
1418 1649 1479 1689 cum
1496 1640 1523 1688 ιιι
1536 1633 1607 1688 betis
1620 1645 1699 1688 meus

62 1717 190 1783 destruit,
206 1721 405 1779 substantivum
429 1725 456 1780 in
470 1743 514 1784 me
533 1729 625 1785 taliter
646 1730 767 1799 laniatur,
780 1735 854 1805 quod
869 1712 892 1773 Β
906 1729 1014 1800 quando
1040 1730 1066 1784 in
1090 1728 1172 1785 terris
1188 1729 1263 1783 uisus
1279 1741 1321 1792 es,
1334 1736 1363 1782 et
1376 1740 1438 1782 cum
1455 1723 1610 1782 bominibus
1630 1737 1697 1778 con·

64 1807 99 1862 ‘¹0
125 1819 224 1867 ‘selim
242 1815 349 1883 nedotia
372 1816 516 1873 saecularia
538 1835 584 1878 me
608 1837 661 1879 non
687 1812 808 1892 trabdnt,
828 1837 857 1883 et
906 1827 1043 1883 versatus,
1059 1817 1202 1873 ueritatem
1218 1815 1338 1886 aliquam
1362 1827 1484 1870 asserere
1506 1812 1699 1884 noluistiplu·

63 1899 185 1955 turbent.
206 1902 355 1973 Exceptum
375 1923 389 1962 a
402 1905 593 1976 jurisdictione
609 1913 699 1969 saeculi
714 1914 794 1984 tutto
808 1931 858 1973 ne·
907 1912 962 1968 ries
975 1909 1121 1981 adjunxisti
1139 1926 1146 1964 :
1162 1907 1246 1963 lmen
1265 1907 1327 1963 dieo
1338 1905 1428 1974 robis,
1441 1905 1493 1962 boe
1508 1912 1561 1972 est,
1578 1918 1642 1961 nere
1654 1901 1698 1960 uel

60 2005 154 2060 quam,
170 1993 203 2049 ad
227 1995 271 2052 illa
286 1997 391 2054 infinita
408 2001 506 2057 saccula
524 2017 567 2058 me
585 2002 669 2060 iacias
685 2006 815 2077 cogitare,
828 2016 856 2064 et
904 2003 1050 2069 ueraciter,
1072 2017 1120 2058 seu
1138 1998 1319 2056 infallibiliter
1337 1998 1399 2067 dico
1413 1997 1502 2064 uobis,
1516 1998 1589 2066 quod
1603 1997 1640 2052 ita
1653 2003 1698 2053 est

60 2092 154 2151 postea
173 2101 233 2141 cont
257 2091 325 2146 utris
349 2100 377 2145 et
399 2092 598 2149 consessionem
618 2095 747 2153 dantibus
759 2113 856 2168 perue-
905 2100 976 2155 sicut
986 2097 1057 2157 dico.
1072 2097 1107 2152 Et
1118 2110 1314 2167 nammuquam
1328 2110 1407 2151 amen
1420 2108 1499 2149 antea
1510 2089 1697 2164 ingeminasti,

60 2176 131 2241 taire,
144 2194 189 2246 qm
209 2188 273 2234 sunt
287 2192 380 2252 partes
393 2185 484 2240 saecmi
500 2188 599 2253 saneti,
614 2198 643 2243 et
655 2188 754 2246 saecula
770 2206 856 2248 saecu·
904 2200 935 2246 ut
952 2192 1008 2262 ipsa
1021 2188 1207 2262 ingeminatio,
1222 2187 1309 2255 major
1320 2196 1392 2242 esset
1406 2183 1545 2256 expressio
1559 2181 1695 2237 ueritatis.

59 2266 159 2322 lorrrtu.
179 2270 264 2328 bidici
289 2273 373 2340 enim,
387 2275 510 2345 Domine,
525 2281 597 2349 quod
613 2281 677 2338 illud
693 2282 790 2339 saecula
805 2299 854 2341 sae·
904 2284 983 2341 liude
996 2292 1032 2349 te,
1046 2282 1091 2353 qui
1106 2296 1207 2337 esuera
1223 2280 1332 2346 ueritas,
1349 2287 1378 2334 et
1392 2278 1475 2335 chara
1491 2274 1623 2340 ebaritas,
1635 2286 1697 2344 quae

59 2363 183 2418 carlorum
203 2380 218 2419 a
238 2362 323 2423 latino
339 2369 486 2440 interprete
504 2374 614 2441 ponitur
628 2390 678 2446 pro
691 2385 794 2434 aterno
806 2395 814 2445 ;
826 2386 855 2435 et
904 2388 957 2428 non
982 2370 1061 2437 lallit,
1085 2385 1169 2425 exoro
1183 2367 1342 2440 suppliciter
1357 2375 1388 2423 ut
1402 2367 1505 2423 ueritas
1521 2373 1567 2420 tua
1588 2376 1696 2434 semper

11 2510 18 2519 ,
59 2453 131 2521 quod
145 2457 390 2525 repetitiodicentis
401 2463 498 2518 saecula
512 2465 685 2535 saeculorum,
701 2469 736 2526 ad
749 2479 853 2528 aterna
904 2466 931 2521 in
947 2464 1031 2520 eorde
1041 2479 1103 2518 meo
1117 2461 1260 2533 refulgeat,
1275 2471 1303 2517 et
1313 2461 1403 2516 omnia
1414 2458 1550 2515 mundana
1560 2464 1589 2513 et
1601 2454 1696 2512 diabo-

58 2543 143 2598 mittit
158 2546 278 2602 animum
293 2551 436 2621 rogitantis
452 2568 459 2608 :
476 2564 503 2611 et
521 2557 579 2613 baec
600 2567 664 2615 sunt
678 2559 725 2616 illa
738 2570 852 2631 aeterna,
902 2556 955 2612 lica
968 2556 1073 2629 salsitas
1088 2556 1254 2612 destruatur.
1271 2552 1364 2610 'lertio
1383 2559 1475 2608 autem
1490 2565 1570 2606 amen
1593 2547 1696 2618 aecipi-

58 2633 234 2706 immortalia,
257 2638 360 2696 inbuite
380 2652 550 2712 testamenta,
567 2651 664 2705 saecula
678 2651 851 2720 saeculorum,
903 2658 947 2704 tur
957 2647 1114 2712 verbaliter,
1135 2654 1163 2702 et
1189 2653 1232 2701 est
1250 2657 1374 2712 neruum,
1392 2653 1422 2699 ut
1443 2659 1505 2699 cum
1526 2641 1554 2696 in
1568 2640 1696 2698 omnibus

58 2741 120 2795 ‘1¹¹ae
136 2729 202 2798 1¹¹⁵st
227 2744 288 2801 bost
311 2735 362 2789 ista
383 2737 481 2792 saecula
502 2743 645 2809 praesentia
669 2751 696 2799 et
711 2745 851 2800 mutabilia
902 2744 1040 2814 optativis,
1056 2755 1147 2807 amen,
1161 2740 1213 2795 luae
1231 2747 1273 2795 est
1292 2738 1349 2804 liat,
1364 2739 1398 2794 ab
1409 2737 1567 2808 optantibus
1582 2743 1609 2791 et
1620 2733 1693 2790 desi·

59 2819 263 2878 immutabiliter
288 2839 496 2898 cousequontnr.
519 2831 547 2887 ln
571 2834 670 2903 quibus
689 2837 851 2893 seculorum
902 2835 1061 2892 derantibus
1075 2832 1147 2904 quod
1166 2830 1278 2904 petitur,
1294 2828 1487 2899 responderam
1499 2826 1571 2912 quod
1586 2822 1694 2897 etpsal·

60 2911 106 2966 tibi
123 2915 227 2969 auctori
241 2917 328 2972 solum
343 2921 379 2975 sit
396 2922 481 2991 gloria
496 2927 673 2996 sempiterna.
901 2928 983 2982 mista
1009 2926 1036 2981 in
1061 2925 1115 2981 line
1128 2923 1307 2994 quorumdam
1326 2920 1492 2990 psalmorum
1510 2917 1695 2990 ingeminasse.

94 3007 139 3060 tit.
160 3009 251 3066 Amen.
266 3012 288 3067 0
303 3014 374 3070 lletrs
390 3014 575 3085 Hebraeorum,
587 3021 659 3076 scire
672 3037 714 3077 me
728 3021 848 3088 voluisti,
902 3017 1011 3090 legitur,
1035 3017 1082 3072 ubi
1106 3016 1205 3072 dicitur
1220 3032 1229 3070 a
1247 3014 1317 3079 Fiat,
1333 3013 1390 3067 llat.
1403 3011 1437 3066 Ει
1451 3010 1479 3064 iu
1502 3009 1554 3064 buc
1568 3021 1652 3064 sensu
1664 3007 1695 3063 itt

58 3100 130 3164 qtaod
150 3114 228 3154 arinen
253 3118 304 3158 nec
318 3119 447 3174 praecona,
473 3123 523 3163 nec
541 3108 654 3165 latinum
669 3119 719 3173 est.
736 3112 784 3166 sed
805 3119 848 3167 cst
901 3109 955 3165 line
967 3107 1108 3181 praesentis
1121 3105 1262 3171 orationis,
1275 3118 1335 3158 mea
1355 3110 1418 3158 uota
1437 3108 1464 3156 et
1476 3097 1608 3156 desideria
1625 3110 1691 3152 can·

58 3188 206 3256 bobraeum,
232 3200 260 3247 et
284 3206 395 3266 propter
417 3198 457 3252 sui
482 3200 669 3256 excellentiam
685 3203 844 3258 translatum
901 3200 1024 3263 tinentia,
1038 3199 1098 3254 dico
1115 3197 1236 3263 :bouem
1250 3196 1301 3250 boc
1318 3201 1370 3259 est,
1390 3193 1427 3248 ita
1444 3190 1502 3247 [iat.
1519 3189 1554 3246 tu
1567 3186 1693 3243 videlieet

58 3295 111 3334 nou
137 3282 188 3336 luit
205 3284 239 3339 ab
263 3285 456 3356 interpretibus
479 3290 520 3346 uel
540 3302 685 3359 motatum,
699 3303 729 3348 ut
748 3308 847 3349 nomen
903 3291 951 3347 tibi
962 3290 1047 3358 l'atri,
1062 3298 1090 3344 et
1111 3287 1191 3352 Filio,
1211 3297 1238 3342 et
1258 3285 1369 3356 Spiritui
1391 3292 1499 3351 saneto,
1515 3281 1586 3338 trino
1601 3288 1631 3335 et
1645 3277 1692 3334 uni

58 3376 133 3422 tuum
150 3373 220 3441 quod
240 3382 282 3429 est
304 3375 427 3431 mirabile
447 3388 475 3433 et
500 3380 668 3438 immutabile
681 3383 846 3455 designaret.
902 3379 967 3447 Deo,
982 3379 1017 3435 sit
1030 3378 1114 3450 gloria
1128 3379 1155 3432 in
1170 3375 1267 3433 saccula
1278 3374 1447 3431 sacculorum.
1460 3372 1557 3428 lmen.
1568 3367 1620 3441 (θ’)

93 3571 143 3641 (θ’)
163 3571 299 3628 llaetenus
315 3575 457 3631 noscimus
485 3578 698 3635 eantnartensts.
719 3581 842 3653 Namque
894 3593 976 3646 trum,
996 3592 1020 3636 et
1036 3579 1237 3636 auctorabiliora
1250 3576 1431 3643 conciliarum,
1444 3574 1515 3643 [octo
1527 3572 1695 3656 ,temporibus

57 3643 175 3696 buseluri
201 3642 333 3698 ercetrsis
352 3649 499 3701 summaria
525 3665 570 3704 seu
590 3650 706 3719 capitula
722 3654 840 3708 ninivensi
895 3651 1026 3723 (Grcpurii
1048 3651 1112 3720 tlt)
1137 3651 1299 3704 serectirsimi
1323 3663 1399 3717 popae
1424 3663 1440 3700 ιι
1464 3645 1614 3699 beatissimo
1635 3644 1692 3696 An·

58 3712 149 3781 oprrb·
168 3713 291 3766 eattoniu't
313 3729 346 3769 ex
375 3717 486 3786 integris
508 3719 646 3775 codicibus
668 3722 791 3774 dedimus
815 3725 841 3776 in
893 3722 975 3776 selum
998 3722 1118 3789 episcopo
1138 3717 1261 3782 Lacerari,
1279 3717 1337 3786 ejus
1368 3714 1490 3784 diliqeati
1508 3715 1641 3767 imitatore
1665 3723 1691 3767 et

58 3781 294 3851 spicitepmnnm,
318 3795 338 3840 t.
357 3783 398 3840 Vl.
417 3786 451 3841 Et
472 3789 582 3857 quidem
598 3788 655 3844 Nic.
673 3789 842 3846 Alemmtnus
894 3789 1042 3856 discipulo,
1071 3788 1147 3856 cujus
1169 3788 1289 3856 jussione
1310 3794 1334 3838 et
1355 3792 1484 3865 prerepto
1508 3783 1692 3864 desideranter

55 3852 106 3911 ,llo
125 3851 222 3921 pariet.
240 3853 330 3908 lotor.
355 3871 415 3924 rap.
440 3857 483 3922 lit
501 3858 613 3913 idoneus
630 3859 725 3914 bunun
752 3876 841 3915 rerum
895 3859 1083 3913 consummavit
1105 3858 1154 3910 boe
1176 3872 1251 3924 opus.
1274 3853 1371 3921 lociprt
1393 3852 1463 3933 lgber
1492 3867 1573 3905 ramur
1588 3851 1620 3905 de
1642 3868 1692 3931 ιι·

63 3923 214 3986 estimatur,
234 3923 353 3980 Anselnti
368 3927 554 3983 collectionem
578 3945 612 3984 ca
629 3926 726 3985 Leonis
742 3929 793 3983 Po.
810 3929 840 3985 lll
895 3938 987 3982 testate
1008 3937 1032 3981 et
1052 3927 1167 3997 primatu
1190 3924 1342 3993 apostolice
1359 3923 1439 3976 sedas.
1480 3936 1525 3975 um
1540 3933 1607 3975 uere
1621 3920 1698 3973 ntbrl.

62 3994 112 4046 uari
128 3993 242 4048 lorsitan
262 4010 344 4063 opere
360 3998 485 4053 haustam
502 4000 665 4066 suspicatur.
679 3998 757 4054 Nunc
774 4016 841 4067 pno-
895 3997 966 4052 aliml
990 3998 1016 4052 iu
1037 3995 1166 4067 praedicto
1191 3996 1285 4049 colice
1314 3991 1438 4063 sequitur
1458 4005 1540 4072 quam
1557 4000 1687 4057 excerpta

57 4078 130 4116 terea
151 4063 178 4116 in
194 4062 246 4116 alio
265 4066 357 4122 codice
370 4079 425 4123 rat.
442 4070 505 4132 διδ,
521 4071 566 4138 qui
580 4068 631 4122 luit
649 4070 743 4127 Sveeae
758 4070 841 4138 llegi·
893 4069 986 4123 boetia
1001 4068 1035 4123 li
1050 4082 1083 4122 ex
1106 4066 1225 4120 decretis
1242 4063 1418 4145 synodorum,
1443 4061 1612 4142 pontillcum,
1634 4069 1689 4113 etc.

55 4146 106 4194 ¹0²⁰,
119 4133 223 4187 titulum
240 4134 446 4208 ltrrueleqcbam.
459 4140 615 4194 Autlteutieo
626 4148 650 4193 et
658 4142 840 4208 compendioso
894 4137 1015 4208 lienique
1032 4146 1059 4192 et
1077 4135 1196 4192 tlnselrui
1222 4134 1363 4202 cujusdam
1385 4132 1524 4194 monaelu,
1546 4128 1692 4186 lloseuluut

55 4202 172 4258 collectio
192 4205 341 4273 reperturum
360 4219 383 4263 et
406 4211 594 4268 sententiarum
612 4221 762 4266 aerariorum
783 4209 839 4268 l’u-
894 4208 1009 4280 aliquem
1027 4209 1098 4264 inter
1115 4208 1237 4264 cannatina
1251 4214 1345 4280 postea
1361 4200 1542 4278 proferemus.
1612 4208 1615 4214 '
