3690 6008
110 233 164 292 153

766 242 862 300 ilTAE
883 244 1059 301 ethereis.
1687 256 1738 314 lut

106 365 169 415 'lutri
186 362 244 414 Chr.
264 360 308 413 SS.
328 360 467 412 l‘ottllfiees.

110 429 185 482 luto.

108 633 185 690 toas.

106 844 185 899 1093.

174 3061 182 3076 .
220 3022 317 3079 Pascu.
338 3023 368 3078 lt.

457 425 575 491 ltngntus
590 436 604 474 a
617 421 760 478 Guillchno
775 423 872 477 abbate
885 421 1040 478 Fiscanensi
1052 432 1079 477 et
1092 423 1124 476 ah
1138 424 1277 493 hrmdpho
1291 425 1454 482 Tronrncnsi
1474 428 1572 485 abbate
1593 431 1737 492 hrtsclnrus

497 494 568 546 eirca
581 492 631 548 hoc
646 502 750 562 tcmpus
763 492 872 561 scripsit
885 493 1023 548 homiliam
1047 493 1073 547 in
1092 492 1175 549 illud:
1192 494 1302 549 introvit
1315 495 1410 562 tetris,
1437 508 1501 565 etc,
1527 516 1607 569 quant
1622 518 1692 573 soepc
1710 509 1736 562 in

497 573 631 617 contentu
646 562 760 617 fratrum
774 562 890 616 dixerat.

460 632 570 687 inchoat
588 632 685 688 librtnn
697 635 755 687 sire
767 631 906 700 epistolam
920 630 958 687 Dc
971 633 1153 687 incarnatione
1170 631 1256 688 Verbi
1279 634 1307 689 ln
1323 635 1446 708 hogliatn
1465 641 1498 693 ab
1512 639 1624 711 Hugone
1638 647 1738 700 comite

499 702 661 784 cicestrensi
688 713 816 759 evocatus
840 701 1040 772 proficiscitur,
1066 713 1092 757 ct
1107 705 1193 773 pridie
1213 703 1366 763 Natiuitatis
1392 709 1421 761 lt.
1447 707 1537 764 llario]
1560 712 1737 770 Carrtnarimn

496 783 580 827 vernt.

459 843 489 897 ln
508 841 738 912 :rrclricpiscopum
752 842 973 899 cantuariensem
996 842 1139 916 dnsclmus
1162 843 1319 900 Glocestriae
1332 846 1439 916 cligitur
1449 849 1536 919 pridie
1558 850 1626 908 Non.
1648 853 1736 909 ltartii
1765 850 1770 865 '

499 913 637 968 bominica
656 912 666 968 Ι
682 912 911 983 Quadragesimte.

461 981 606 1038 Wintouiae
619 983 696 1053 signo
709 983 805 1039 Crucis
824 983 976 1039 incendium
989 983 1144 1054 exstinguit.

463 1052 505 1107 tlt
524 1051 583 1107 llal.
598 1051 708 1108 Octobr.
723 1053 898 1109 Cantuariam
914 1052 1080 1126 ingreditur,
1095 1065 1123 1109 et
1138 1054 1228 1110 sedem
1244 1057 1380 1126 pontilicis
1393 1061 1560 1116 conscendit.
1589 1062 1626 1118 lbi
1650 1065 1737 1132 pridie

494 1122 566 1179 Non.
580 1123 707 1179 llecemb.
722 1133 910 1180 consecratur.

461 1195 502 1250 Ab
514 1193 643 1250 huselmo
656 1193 809 1252 willelmus
823 1210 870 1250 rex
883 1194 966 1265 exigit
977 1195 1134 1264 pecnniam;
1146 1211 1227 1265 qnam
1242 1196 1300 1265 ipse
1311 1198 1377 1254 dare
1387 1215 1515 1256 recusans
1528 1216 1542 1256 a
1555 1204 1630 1257 curia
1650 1204 1736 1260 disce-

497 1266 545 1320 dit.
560 1264 670 1321 Dedicat
680 1264 822 1322 ecclesiam
838 1267 865 1320 in
880 1264 940 1320 tilla
952 1281 1012 1335 quau
1025 1264 1110 1334 ltcrpn
1124 1266 1233 1320 dicitur.

460 1334 501 1391 sd
512 1335 655 1406 liastinges
664 1350 724 1389 cum
733 1335 792 1392 aliis
805 1336 937 1407 episcopis
950 1351 982 1389 ac
993 1336 1159 1405 principibus
1173 1338 1310 1402 convenit,
1323 1349 1353 1393 nt
1363 1355 1454 1412 regent
1469 1341 1495 1397 in
1509 1342 1735 1399 Northmanuiatu

496 1406 731 1461 translrctaturum
750 1406 973 1463 benedicentium
992 1421 1067 1460 ιιιιιιιι
1087 1404 1234 1461 lioberlunt
1246 1406 1459 1466 lincolniensem
1475 1421 1572 1469 sacrat.
1598 1414 1626 1469 ln
1642 1415 1735 1485 Capito

495 1474 609 1546 ieiunii,
624 1475 829 1543 discinctum,
850 1477 920 1532 intra
942 1476 1084 1531 missamm
1099 1475 1230 1531 solemnia
1244 1494 1397 1535 sermonem
1415 1483 1496 1538 habet
1516 1494 1611 1539 contra
1630 1500 1734 1540 comam

499 1547 667 1611 nutrientes;
687 1546 794 1616 plurimi
814 1549 928 1604 attonsis
944 1547 1064 1601 crinibus
1085 1556 1199 1618 egerunt
1217 1550 1423 1617 poenitcntiam.
1442 1563 1555 1609 caeteros
1576 1569 1591 1609 a
1612 1555 1736 1611 cinerum

497 1618 670 1687 susceptione
684 1633 711 1672 ιι
722 1632 777 1673 sum
791 1617 969 1673 absolutionis
985 1617 1172 1672 benedictione
1186 1617 1329 1674 huselmus
1347 1622 1497 1692 suspendit.

460 1686 570 1744 Perilcit
585 1687 681 1743 librum
702 1685 740 1741 ilc
753 1689 933 1742 incarnatione
950 1685 1039 1753 Verbi,
1056 1695 1083 1742 et
1095 1700 1157 1742 eum
1174 1685 1284 1743 Urbano
1295 1688 1317 1744 ll
1331 1691 1414 1748 dicat.

458 1757 553 1828 lncipit
566 1759 687 1814 scribere
700 1757 797 1824 libros,
813 1756 866 1812 Cur
878 1758 948 1812 Dens
963 1757 1051 1811 tremo.

458 1829 503 1885 tt.
522 1828 584 1953 lilim
594 1827 669 1952 ludii}
685 1827 828 1884 Guulterus
843 1827 1006 1883 albanensis
1020 1826 1161 1900 episeopus
1174 1835 1202 1883 ιι
1216 1831 1288 1886 sedis
1302 1831 1456 1901 apostolice
1480 1832 1585 1904 legatus
1604 1835 1734 1892 hnselrno

498 1914 531 1970 pa
564 1915 607 1953 nm
640 1907 719 1955 ιιιι.

457 1969 505 2024 lile
517 1977 610 2025 octava
625 1968 749 2036 Paschae,
764 1977 792 2026 ιι
806 1968 849 2024 dle
861 1975 954 2024 ortam
967 1968 1141 2025 Pentecostes
1152 1968 1242 2039 plures
1255 1984 1396 2042 episcopos
1407 1979 1549 2031 Ansetmns
1566 1987 1717 2032 consecrat.

455 2039 662 2095 Scribitllbrum
680 2039 716 2092 lle
727 2041 823 2110 nuptiis
839 2040 1099 2109 eontunquineornm.

455 2108 546 2165 Tertio
558 2112 655 2182 petita,
671 2124 704 2164 nc
718 2111 798 2165 tortio
816 2119 912 2175 negata
930 2109 1011 2163 eundi
1031 2108 1143 2164 Romam
1157 2107 1283 2177 licentia,
1302 2119 1392 2168 turone
1410 2116 1536 2170 Octobris
1557 2114 1733 2172 boselinusn

493 2194 556 2249 rege
577 2180 710 2245 discedit;
731 2188 757 2235 et
772 2189 879 2251 postera
899 2179 942 2235 die
959 2179 1242 2302 Cantuarlaegrcssus
1257 2181 1290 2237 ad
1314 2190 1422 2251 portum
1443 2184 1530 2241 llolris
1551 2187 1640 2252 territ;
1664 2189 1735 2242 unde

500 2257 560 2321 post
572 2249 606 2305 ts
620 2250 679 2306 dies
691 2265 786 2305 narem
802 2249 975 2315 conscendit,
991 2256 1018 2304 ct
1031 2263 1064 2303 ex
1080 2249 1138 2319 Aug
1150 2249 1174 2303 ia
1189 2250 1255 2305 exiit
1273 2249 1439 2322 Lugdunum.

453 2321 584 2445 [Midum
597 2320 741 2375 huselmus
757 2321 871 2376 discedit
887 2320 954 2376 teria
968 2335 998 2373 ιιι
1016 2327 1079 2373 ante
1099 2317 1265 2374 Dominicarn
1285 2319 1449 2377 Paltnarrtnr.
1468 2323 1581 2382 Bonnam
1599 2327 1733 2398 pervenit.

516 2399 560 2446 ost
573 2391 667 2446 decern
678 2390 735 2446 dies
745 2389 853 2446 dirertit
868 2391 895 2444 in
908 2390 998 2444 rillatn
1010 2388 1159 2444 Scltlouimn
1179 2389 1205 2443 in
1218 2388 1345 2460 Capuann
1359 2395 1508 2461 provincia.

457 2461 567 2518 Perllctt
589 2461 672 2516 libros
692 2459 746 2515 Cur
765 2461 835 2515 licut
853 2461 939 2514 trono.
960 2459 1098 2514 obsidioni
1116 2457 1250 2528 Capuam
1268 2477 1329 2516 cum
1351 2461 1461 2519 Urbano
1476 2466 1496 2520 ll
1519 2476 1605 2522 ιιιιιιι.
1620 2466 1733 2523 llalend.

493 2530 603 2588 Octobr.
618 2532 732 2586 interest
745 2530 860 2586 corteilio
874 2530 995 2587 liciensi.
1011 2530 1048 2584 lbi
1064 2539 1159 2584 corttra
1175 2527 1284 2587 Graecos
1303 2531 1422 2602 disputat
1438 2552 1445 2588 ι
1472 2546 1500 2590 ιι
1513 2538 1620 2604 concilii
1640 2539 1735 2594 Patres

495 2616 531 2657 ne
545 2615 635 2671 regem
647 2601 881 2657 excommunicent
891 2640 901 2667 ,
911 2599 992 2655 llexis
1006 2600 1118 2674 genibus
1131 2608 1235 2654 exorat.

458 2671 601 2728 hnselmus
619 2671 732 2727 interest
743 2671 859 2726 correilio
871 2668 950 2725 Rom.
974 2671 1000 2725 in
1019 2684 1073 2740 quo
1088 2671 1360 2727 excommunicantur
1384 2673 1482 2730 dentes
1502 2675 1543 2730 rel
1571 2676 1736 2746 accipientes

502 2742 692 2804 investituras.
717 2751 771 2798 cte.
788 2741 872 2796 llotna
886 2739 1045 2812 Lugdunum
1067 2739 1203 2806 discedit;
1218 2742 1279 2809 ulti,
1309 2743 1372 2798 dum
1392 2758 1534 2811 murmur,
1561 2745 1700 2803 Urbanum
1712 2748 1736 2805 ll

500 2821 597 2884 quarto
610 2811 670 2866 llal.
685 2811 754 2880 hug.
768 2811 820 2865 vita
837 2809 956 2866 iunctum
969 2810 1067 2880 accipit

454 2882 491 2938 lbi
513 2893 568 3007 t‘tinn
595 2882 689 2964 scribit
705 2881 856 2937 librumlte
881 2890 1006 2952 conceptu
1032 2880 1170 2949 virginali,
1196 2892 1262 2949 etc„
1282 2892 1309 2938 ιι
1332 2883 1536 2941 meditationem
1561 2891 1594 2941 dc
1619 2889 1735 2944 ltnnruno

493 2970 521 3008 re
540 2962 676 3022 emptione.

453 3025 521 3080 Duru
534 3022 655 3079 Cluuiaci
668 3021 793 3091 degeret,
812 3036 965 3078 serntouetn
979 3019 1073 3075 habuit
1088 3020 1125 3076 De
1137 3021 1295 3076 lentitudine
1307 3023 1416 3077 ccelesiis
1429 3025 1539 3092 purtim,
1553 3035 1580 3079 et
1596 3027 1735 3083 nuntiatus

491 3104 532 3152 est
550 3095 575 3148 ei
585 3093 675 3148 obitus
689 3091 821 3148 Guillclmi
837 3092 873 3159 ll,
888 3091 932 3162 qni
943 3091 1094 3214 contigerat
1108 3107 1200 3147 mense
1211 3095 1332 3164 htrgusto
1350 3093 1430 3164 hujus
1453 3095 1528 3148 artui.
1552 3095 1579 3149 ln
1606 3099 1647 3150 An
1658 3097 1733 3152 diam

492 3166 526 3220 ab
552 3163 668 3218 lletrrico
695 3163 715 3217 ll
739 3172 897 3227 revocatur,
926 3161 987 3216 llal.
1031 3162 1103 3216 ctob·
1130 3161 1219 3218 llolris
1239 3163 1350 3232 appulit.
1383 3164 1538 3218 llominiurn
1565 3168 1620 3237 regi
1643 3116 1733 3224 licere

492 3233 592 3291 renuit.
608 3233 645 3287 lia
657 3234 730 3288 dere
742 3235 840 3287 dantur
852 3232 966 3287 induciae
978 3229 1012 3285 ad
1026 3231 1178 3301 proximum
1196 3232 1309 3287 Pascha.

455 3305 485 3361 ln
512 3305 582 3360 lusto
603 3302 777 3359 Pentecostes
797 3302 892 3374 Anglia
909 3310 1043 3358 courmota
1071 3310 1113 3356 est
1138 3317 1171 3357 er
1194 3302 1321 3368 lloberti,
1346 3301 1555 3364 iratrlsllenrici
1574 3304 1605 3362 ll.
1618 3308 1734 3362 rcdltua

491 3373 654 3435 retusum:
671 3389 720 3445 pro
734 3372 850 3428 henrico
868 3387 931 3444 rege
944 3381 997 3426 stat
1010 3372 1162 3427 dnselmns.
1192 3397 1194 3401 ·
1728 3424 1730 3428 ,

460 3445 561 3501 Scribit
574 3445 672 3500 librutu
689 3443 728 3497 De
744 3445 908 3514 processione
922 3441 1035 3513 Spiritus
1050 3445 1150 3508 suncti,
1176 3452 1204 3500 et
1225 3443 1366 3514 epistolant
1394 3448 1432 3500 De
1451 3461 1569 3514 asporto,
1590 3453 1623 3500 ad
1643 3446 1734 3503 Wulc·

493 3529 619 3571 ranuunt.

459 3586 605 3642 huselmus
615 3583 761 3639 Londoniae
772 3585 844 3656 cogit
853 3583 1007 3640 concilium.
1022 3584 1169 3656 Episcopus
1182 3600 1197 3639 a
1210 3599 1273 3656 rege
1285 3585 1427 3641 investitos
1442 3599 1602 3641 eotrsecrare
1612 3597 1732 3645 recusat.

495 3656 595 3713 Scribit
613 3657 755 3727 epistolam
771 3654 809 3708 lle
822 3655 970 3709 dictersitete
982 3666 1222 3721 incrementorum,
1237 3656 1270 3711 ad
1286 3655 1487 3710 Wulcrannum.

459 3727 524 3784 Post
536 3725 654 3792 Pascha,
671 3740 733 3796 rege
747 3734 902 3789 atrnttente.
917 3725 1061 3779 dnselmus
1072 3741 1106 3780 er
1121 3725 1215 3796 dnglia
1231 3742 1246 3779 r
1263 3725 1321 3779 llal.
1335 3727 1396 3779 llaii
1408 3726 1545 3796 egreditur
1559 3743 1566 3778 ε
1585 3724 1734 3781 Carnutum

494 3798 578 3853 veuit.
598 3795 676 3851 Becci
692 3796 790 3851 lestnun
803 3794 976 3850 Pentecostes
986 3793 1125 3849 celebrat:
1142 3804 1169 3850 ct
1181 3805 1241 3865 post
1251 3796 1451 3863 Asstrmptionis
1465 3794 1495 3850 tt.
1512 3793 1543 3850 V.
1556 3794 1732 3851 testivitatem
1751 3855 1753 3858 .

494 3866 607 3922 llornmn
618 3865 716 3937 pergit.
731 3866 809 3920 Circa
826 3865 906 3920 linem
917 3863 1075 3920 Nouembris
1088 3863 1173 3918 Roma
1185 3864 1317 3930 discedit,
1343 3873 1372 3918 ιι
1390 3865 1471 3933 paulo
1484 3874 1547 3920 ante
1566 3864 1661 3920 Natale
1676 3865 1731 3920 llo·

492 3938 558 3996 mini
575 3940 694 4019 pervenit
707 3935 875 4007 Lugdunum.

460 4009 581 4081 Lugdunt
593 4017 685 4063 manet
696 4007 827 4075 usquead
844 4019 963 4062 mensem
975 4004 1099 4060 llartium
1113 4005 1250 4075 sequentis
1264 4003 1338 4058 anni.

460 4078 609 4136 Cotrcilium
623 4078 702 4132 Rutu.
717 4078 768 4132 sub
783 4075 878 4132 Pasch.
891 4075 923 4131 ll.
938 4074 1070 4132 Comitem
1083 4078 1116 4132 dc
1129 4075 1254 4133 hlellento
1270 4089 1308 4129 ru
1322 4072 1433 4130 llalend.
1455 4073 1475 4128 ll
1497 4071 1555 4128 rilis
1576 4087 1733 4130 excommu-

499 4149 582 4204 nicat.
594 4147 738 4203 hnsclmus
752 4147 785 4200 ad
797 4146 891 4202 cellam
902 4146 1049 4203 Clrarltatis
1059 4148 1119 4202 ord.
1129 4146 1250 4202 Clurtiac.
1262 4145 1378 4206 secedim
1396 4144 1458 4200 inde
1471 4087 1587 4200 ilesium
1602 4144 1636 4200 sd
1646 4146 1732 4201 conri-

497 4221 590 4276 tissam
601 4217 709 4274 llcnrici
726 4218 746 4272 ll
759 4231 898 4284 sororem;
913 4231 975 4272 cunt
997 4231 1029 4271 ea
1049 4218 1083 4271 atl
1095 4227 1216 4274 castrum
1230 4215 1301 4287 quod
1317 4215 1414 4283 Aquila
1441 4215 1554 4279 dicitur.
1576 4216 1667 4281 venit,
1684 4216 1732 4272 ubi

498 4308 519 4414 g
538 4289 650 4345 llalend.
665 4289 735 4361 hug.
749 4302 810 4344 eum
824 4287 940 4343 ilenrico
963 4286 984 4341 ll
1002 4287 1165 4359 colloquium
1182 4288 1286 4342 habet:
1307 4285 1404 4341 deinde
1425 4286 1505 4340 ruodo
1527 4285 1635 4352 Remis,
1651 4288 1733 4343 modo

521 4360 576 4416 ecci
591 4367 723 4414 moratur.

463 4431 606 4487 llnselmus
620 4427 736 4483 ilenrico
748 4427 770 4482 ll
782 4435 915 4498 presente
930 4426 956 4481 in
969 4427 1036 4483 testo
1048 4427 1248 4498 assumptionis
1258 4424 1289 4480 tt.
1304 4426 1336 4479 V.
1351 4426 1495 4480 missarum
1508 4416 1638 4480 solemnia
1650 4424 1732 4482 Becci

496 4501 631 4565 celebrat;
681 4506 706 4553 st
721 4499 793 4562 haec,
811 4499 890 4553 rebus
901 4512 962 4553 cum
976 4511 1039 4568 rege
1052 4500 1227 4568 compositis,
1242 4497 1267 4551 in
1279 4496 1401 4566 hngliam
1421 4496 1582 4565 regreditur.

466 4573 489 4627 h
503 4571 606 4627 Pascha
621 4585 647 4624 ar
665 4568 842 4624 Pentecosten
857 4569 884 4622 in
898 4568 969 4639 regis
983 4570 1057 4623 curia
1072 4569 1216 4624 Arrsclmus
1241 4566 1398 4622 infirmitate
1420 4565 1567 4621 detinetur.
1586 4564 1645 4621 ltal.
1659 4565 1730 4636 hug.

498 4651 646 4697 conuentus
662 4639 691 4695 lit
705 4639 888 4709 dnglicanus;
910 4648 938 4693 ιι
960 4640 986 4693 in
999 4653 1032 4694 eo
1043 4654 1095 4709 pax
1111 4646 1139 4693 et
1152 4637 1261 4694 libertas
1284 4644 1326 4692 est
1349 4636 1477 4692 Ecclesiae
1504 4637 1619 4692 reddita.
1646 4651 1676 4691 ιιι
1692 4636 1731 4691 ld.

497 4712 608 4783 llugusti
625 4711 717 4781 plnres
731 4710 872 4780 episcopos
882 4719 1032 4766 consecrat.

464 4783 541 4838 lnitio
556 4780 774 4853 Quadragesimae
792 4779 934 4835 buselmus
945 4777 1021 4847 iuxta
1032 4777 1197 4835 londoniam
1210 4777 1244 4832 ad
1256 4776 1329 4848 regis
1339 4775 1500 4847 colloquium
1516 4778 1599 4832 uenit.
1615 4776 1644 4831 lo
1658 4775 1731 4831 Pen-

497 4863 597 4909 tecoste
609 4866 655 4906 ret
670 4866 731 4908 curu
744 4865 777 4905 eo
789 4850 845 4920 agit
859 4849 893 4903 de
906 4849 1065 4904 clericorum
1088 4849 1294 4920 incontinentia.
1318 4847 1410 4903 Soluta
1441 4849 1516 4902 curia
1537 4847 1680 4903 dnselmus
1704 4847 1730 4899 in

501 4923 562 4980 villa
580 4921 709 4977 llnrtdac
729 4921 819 4991 plures
831 4920 858 4974 in
870 4917 972 5044 ieiunio
986 4918 1075 4989 quarti
1092 4920 1192 4975 mensis
1214 4919 1331 4974 ordinat.
1352 4918 1416 4974 Post
1430 4918 1528 4973 testum
1544 4917 1594 4972 SS.
1616 4916 1687 4971 Petri
1705 4923 1732 4968 ct

504 4994 578 5049 Pauli
592 4992 766 5049 Garttuariarn
792 4991 873 5046 venit.
911 4991 918 5006 ⁸
940 4991 1059 5059 iscopnnr
1078 4988 1293 5045 londoniensem
1318 4997 1461 5044 cortsecrat
1479 4987 1550 5057 apud
1575 4987 1731 5054 Pagahanr,

499 5065 650 5120 Cantuariae
670 5078 733 5118 vero
745 5060 900 5132 episcopum
920 5006 1083 5116 iiollenscnr.
1676 5124 1682 5137 ι

475 5135 617 5192 rlrrselntus
633 5135 727 5189 scribit
741 5141 885 5187 tractatum
901 5130 940 5184 De
958 5131 1109 5185 uoluntate:
1128 5139 1184 5185 tres
1203 5129 1367 5200 quaestiones
1384 5130 1423 5184 De
1438 5127 1577 5182 concordio
1590 5138 1729 5196 proteren-

500 5208 561 5271 ιιι,
583 5214 649 5272 eto,
670 5213 698 5260 ct
721 5203 836 5260 instituit
849 5201 971 5258 seribere
992 5203 1025 5256 dc
1044 5200 1154 5270 Origine
1174 5201 1281 5255 anintae.
1309 5201 1356 5255 llis
1371 5195 1731 5254 intcutusdnsclmusanno

501 5273 596 5348 pontii.
613 5290 672 5338 ιιι,
692 5275 780 5330 aetatis
794 5288 888 5337 ιιιιι,
914 5271 1067 5327 cantuarios
1084 5281 1171 5328 rnorte
1184 5271 1301 5341 pretiosa
1316 5270 1452 5327 decubuit.
1481 5267 1552 5323 Vixit
1579 5264 1606 5318 in
1629 5263 1730 5343 nectito

500 5360 555 5402 tres
569 5359 670 5409 annos,
684 5347 835 5401 monaclms
848 5343 908 5399 sine
921 5343 1076 5414 praelatione
1087 5350 1160 5407 tres,
1171 5342 1246 5414 prior
1259 5342 1430 5412 quindecim,
1455 5338 1537 5393 abbas
1558 5335 1730 5405 quindecim,

496 5417 713 5485 archiepiscopus
727 5416 881 5483 sexdecim,
896 5414 977 5469 ethis
992 5412 1131 5482 completis
1142 5413 1220 5469 beato
1238 5413 1290 5467 llue
1301 5411 1411 5468 derisit.
