3690 6008
102 273 152 328 'llll

103 364 215 435 llagnus
228 371 287 419 erat
296 362 397 432 Caesar,
414 372 523 437 totoque
537 368 673 438 potentior
682 369 770 425 orbs:

138 454 225 522 Nunc,
238 469 318 525 quem
334 471 384 511 nec
399 458 516 512 anundus
531 467 649 528 ceperat,
666 474 735 516 urna
749 461 832 531 capit.

103 546 150 601 Sic
167 554 195 601 et
207 545 361 602 Alexander
376 546 541 605 fortissimus
560 549 604 605 ille
617 549 737 618 Macedo,

137 635 279 690 Clarrditur
290 645 407 707 angusto
420 637 507 709 puluis
521 649 549 695 et
559 655 621 695 ussa
637 640 706 698 loco.

101 725 188 796 llajor
202 735 262 783 erat
281 729 382 784 mundo
396 744 519 801 magnus,
536 731 617 787 niodo
629 733 719 790 nobile
731 748 829 806 corpus

138 817 246 872 Exsulis
261 827 288 873 et
298 819 362 874 uicti
376 819 436 874 uilis
450 835 534 876 arena
549 825 625 893 tegit.

100 907 135 962 Et
158 905 256 962 cecidit
268 906 388 978 Babylon
406 910 525 966 :cecidit
538 925 646 982 quoque
658 913 777 969 niaxirna
791 913 871 987 Troia
886 928 895 969 t

137 998 206 1054 Olim
225 998 427 1069 mundipotens,
442 1002 542 1072 aspice,
560 1003 646 1059 Roma
656 1003 740 1073 jacet.

101 1089 172 1147 Ecce
185 1090 230 1145 diu
245 1104 291 1145 res
307 1089 381 1145 nulla
392 1100 484 1146 manet
502 1093 662 1150 mortalibus
677 1109 763 1152 :cccc
780 1128 782 1131 -

136 1179 231 1237 Nullus
244 1180 333 1236 honor
347 1181 484 1250 prohibet,
498 1182 583 1253 gloria
599 1184 684 1251 nulla,
705 1185 785 1241 rnnri.

102 1272 231 1328 Summus
240 1269 400 1327 Aristoteles
410 1271 504 1343 logicae
516 1281 654 1329 scrutator
664 1284 770 1343 acutus,

138 1361 227 1417 Edidit
244 1360 352 1433 ingenio
370 1360 454 1417 multa
468 1372 576 1433 reperta
589 1379 648 1421 suo.

100 1456 160 1513 Non
181 1455 347 1528 syllogismo,
363 1470 416 1511 non
431 1456 633 1528 enthymemate
647 1457 750 1516 tactum
770 1468 823 1528 cst,

137 1549 174 1607 Ut
186 1548 284 1605 uellent
302 1556 378 1603 tanto
389 1563 502 1619 parcere
522 1547 577 1604 lata
592 1551 662 1606 riro.

100 1641 171 1710 Qarid
184 1648 340 1711 penetrasse
360 1640 458 1697 inuitat
478 1649 583 1697 naturae
597 1657 697 1699 arcana
709 1644 860 1714 Platonem,

137 1735 170 1790 Et
184 1735 284 1789 mundo
299 1734 389 1792 studio
404 1733 489 1789 nrrrlta
505 1734 613 1792 dedisse
627 1737 699 1792 suoi

100 1827 174 1888 Solis
187 1829 249 1895 itcr,
258 1827 374 1898 coelique
388 1826 490 1898 plagas,
507 1826 631 1898 lunaeque
645 1836 771 1898 meatus,

138 1919 171 1973 Et
184 1934 249 1990 saga
262 1933 309 1974 seu
322 1933 430 1975 sumrno
443 1917 532 1974 sidera
548 1917 602 1973 lisa
618 1920 700 1990 polo,

100 2009 236 2080 Nullaque
250 2019 380 2081 praetcrea
394 2008 461 2065 satis
471 2011 556 2066 ardua
569 2023 704 2070 noverat:
721 2023 749 2070 et
760 2031 833 2072 nurrc

136 2099 315 2172 Philosophus
330 2101 399 2158 cinis
412 2110 455 2158 est
472 2118 479 2158 ε
496 2117 594 2160 nomen
609 2104 691 2163 inane
703 2119 804 2164 manet.

101 2193 171 2248 bum
186 2207 230 2248 res
243 2202 270 2248 et
282 2207 371 2248 rerum
391 2208 488 2255 causas
506 2195 624 2267 uestigat
637 2197 788 2270 llypocras,

135 2286 203 2339 linrn
218 2286 251 2340 de
265 2285 369 2340 staturis
382 2286 524 2356 disputat,
543 2296 625 2358 atque
641 2289 698 2345 suis

100 2376 240 2432 luserit'⁶⁰
255 2376 300 2432 illa
313 2377 401 2444 libris,
416 2379 479 2434 durh
494 2379 577 2435 multa
592 2379 704 2438 latentia
716 2383 750 2415 ¹⁸¹
761 2384 861 2456 prodit,

136 2469 203 2524 Dum
217 2470 370 2527 irredicinali
382 2486 495 2542 corpora
508 2483 600 2529 servat
616 2488 678 2545 ope,

99 2560 198 2631 ingens
209 2561 280 2617 larua
295 2563 346 2621 riri
361 2572 418 2619 toto
430 2563 592 2621 diffunditur
603 2564 684 2632 orbe;

132 2652 167 2707 Et
179 2653 269 2708 meriti
281 2652 386 2724 tructus
400 2654 443 2712 ille
458 2656 560 2712 thuoris
574 2650 667 2714 habet'.

100 2740 154 2798 ser
170 2742 252 2798 lutras
263 2744 366 2809 iterans,
382 2744 462 2802 nullis
474 2730 710 2803 laureanusarum
722 2757 775 2819 ess,

135 2832 174 2888 Ne
184 2834 296 2906 physico
309 2837 404 2895 mortis
416 2836 460 2891 lex
475 2839 614 2894 subeunda
628 2839 708 2895 iuret.

98 2926 133 2980 Et
142 2923 231 2993 justis,
249 2943 301 2983 non
314 2920 552 2999 philosophicum
565 2932 674 3000 praenria
688 2932 828 3003 Christus;

135 3016 263 3073 llustieus
275 3033 322 3085 es;
336 3019 426 3089 iustus
443 3029 513 3086 esto,
526 3019 622 3077 beatus
638 3023 703 3078 eris.
815 3008 818 3015 ¹

99 3109 279 3180 Philosophus
295 3111 392 3181 llarro,
410 3112 507 3169 Petrus
520 3113 662 3184 piscator:
681 3125 709 3170 et
721 3129 786 3173 ecce

135 3204 231 3261 Petrus
242 3205 324 3261 habat
333 3206 443 3270 caelum,
458 3214 561 3262 tartara
575 3207 663 3263 Varro
681 3217 766 3265 tenet.

99 3296 144 3352 tlte
159 3297 326 3368 rcltrptatum
342 3299 416 3353 uaria
431 3298 574 3355 dulcedine
587 3300 697 3372 gaudet,
781 3290 792 3312 ⁸

134 3389 167 3444 Et
177 3392 318 3448 desideriis
333 3392 417 3447 servit
430 3392 531 3463 ubique
542 3393 608 3449 suis.

100 3479 180 3548 Sunt,
193 3498 252 3552 qum
272 3498 379 3539 summa
393 3493 481 3554 putat,
499 3485 640 3553 meretrix,
653 3501 767 3556 coquus,
782 3488 893 3555 bistri0;

743 3578 858 3653 [nullum

134 3659 183 3714 llis
194 3660 314 3729 praefert,
328 3670 374 3717 aut
389 3678 438 3734 par
454 3665 573 3722 aestimat
588 3682 650 3725 esse
667 3670 779 3726 bonunr.

99 3752 236 3822 Quidquid
249 3762 276 3807 et
293 3753 327 3808 ad
344 3754 446 3811 rictum
467 3771 543 3812 mare
557 3759 654 3824 nutrit,
669 3768 753 3827 terra,
774 3759 816 3816 tel
828 3776 891 3830 aer,

136 3844 248 3910 Quaerit,
265 3845 401 3916 habetque
419 3847 470 3903 riri
485 3846 625 3904 luxuriosa
639 3849 734 3906 lantes.

100 3935 133 3992 Et
150 3937 255 3992 rrrodico
274 3939 361 3994 ventri
373 3950 466 3995 vastus
477 3939 520 3994 uir
532 3939 632 3996 sufficit
646 3941 731 3998 orbis.

137 4029 208 4100 Ergo
221 4031 406 4087 ministrorum
422 4033 533 4089 vocibus
547 4034 608 4089 atria
621 4035 724 4091 tremit.

99 4120 274 4192 Argerrtoqnc
290 4125 372 4195 dapes
386 4135 523 4194 ponuntur
533 4127 579 4194 ¹⁸¹,
593 4128 716 4186 Bacchus
730 4132 756 4185 in
771 4147 847 4199 atrro,

136 4213 168 4267 ut
182 4228 287 4282 gemma
302 4213 422 4269 inlusum
435 4215 551 4286 plurima
567 4227 662 4274 nectar
675 4219 769 4278 habet.

100 4303 260 4361 llcstibuset
276 4304 344 4360 faeie
358 4305 454 4376 longus
466 4306 534 4362 nitet
549 4309 617 4365 ordo
627 4309 770 4375 clientum,

134 4396 175 4451 hd
185 4397 290 4452 Domini
312 4393 395 4454 nutus
410 4399 488 4455 turba
503 4410 597 4471 parata
615 4401 699 4459 leves.

100 4488 190 4545 Sexus
213 4499 326 4562 uterque
349 4491 448 4547 carritz'
462 4501 594 4549 resonant
613 4496 791 4567 cytharaeque
813 4495 893 4567 lyrae-

775 4587 856 4662 [quet

138 4677 170 4732 Et
184 4677 300 4733 reddunt
312 4678 367 4734 illie
378 4692 480 4751 organa
495 4681 573 4739 dulce
589 4682 683 4738 melos.
705 4740 718 4783 ι

100 4768 221 4824 Tandem
235 4771 322 4840 epulis
337 4770 430 4843 largis,
452 4782 479 4826 et
494 4773 573 4843 pleno
587 4784 681 4830 ventre
692 4777 787 4831 beatus

136 4860 202 4915 Carni
221 4863 318 4918 scortis
331 4878 428 4932 porcus
441 4864 537 4934 guardia
553 4866 640 4920 noctis
652 4867 743 4921 babet·

100 4948 324 5022 0praeclaraviri
341 4954 442 5010 virtrtsl
460 4969 477 5009 o
493 4956 548 5008 vita
563 4956 657 5011 beata!

626 273 770 332 cannah
790 273 835 332 PE
852 272 1067 336 conuenerit
1086 278 1205 338 nunni.

909 371 934 431 Α
982 374 1093 431 Deliciis
1106 385 1200 444 pastus
1214 389 1277 430 cunr
1293 375 1437 432 meretrice
1452 380 1541 434 curbat.

1684 292 1738 349 tce

947 466 1016 535 Quid
1029 477 1117 523 testes
1128 467 1256 531 reieram,
1275 468 1369 535 lectos,
1389 479 1417 526 et
1427 471 1519 526 diuitis
1533 471 1621 530 aceles?

982 558 1075 614 Nescit
1087 560 1189 616 habere
1201 560 1309 615 modum
1321 561 1432 631 prodiga
1445 561 1576 618 luxurias.

947 651 1016 707 lluic
1027 666 1076 722 per
1089 650 1168 720 longa
1181 661 1272 706 meant
1286 652 1362 706 nitidi
1379 652 1483 707 canalia
1496 652 1596 720 lantes,

984 741 1074 797 llerba
1086 741 1274 797 columnarum
1291 758 1426 801 marmore
1442 743 1533 800 clausa
1548 745 1636 800 viret:
1833 814 1837 823 .

947 834 1185 905 Fructilerumque
1205 849 1290 907 genus
1312 846 1398 893 toturn
1421 837 1528 893 arboris
1553 837 1652 895 educat
1675 841 1742 897 hor·

1626 931 1702 1006 [tus‚

960 1052 962 1057 -
985 1017 1117 1087 llistaque
1132 1017 1291 1087 sanguineis
1305 1017 1366 1073 alba
1381 1017 1494 1090 ligustra
1509 1020 1589 1077 rosis.

946 1111 1003 1166 Nec
1015 1108 1093 1165 viole
1103 1109 1203 1166 desunt
1217 1126 1226 1177 ;
1244 1112 1290 1167 sod
1308 1120 1336 1166 et
1350 1111 1404 1169 illic
1416 1111 1491 1169 ilaris
1501 1123 1529 1171 et
1542 1112 1634 1171 herbae

982 1202 1030 1256 Est
1040 1201 1172 1270 quidquid
1186 1203 1286 1271 specie,
1301 1203 1430 1273 quidquid
1442 1205 1525 1260 odore
1539 1205 1621 1276 viget.

946 1294 1023 1349 Narnc
1043 1293 1245 1364 phaleratorum
1259 1303 1471 1364 tergorectatur
1486 1310 1630 1367 equorum,

982 1385 1058 1442 Nunc
1068 1394 1190 1442 saturum
1201 1384 1274 1440 lento
1289 1386 1390 1457 remige
1404 1388 1499 1457 cyrrrba
1515 1387 1599 1442 uehit.

947 1474 1023 1532 Nunc
1041 1474 1117 1530 illum
1135 1489 1196 1530 esse
1207 1472 1346 1542 juratsub
1367 1474 1558 1544 papilionibus,
1575 1482 1602 1528 et
1614 1486 1686 1528 nttnc

982 1566 1066 1622 Grata
1090 1564 1142 1621 snb
1155 1564 1279 1621 arboreis
1296 1565 1428 1635 quaeritur
1441 1566 1536 1620 umbra
1553 1564 1649 1620 comis.

945 1657 1023 1713 Nunc
1035 1657 1188 1713 delectatur
1205 1656 1302 1724 turbis,
1318 1665 1346 1712 et
1358 1656 1496 1726 plausibus
1510 1657 1585 1712 urbis
1605 1673 1613 1712 ι

982 1750 1016 1805 Et
1029 1748 1239 1820 modopriratns
1258 1748 1354 1820 degere
1365 1763 1429 1805 rure
1447 1749 1531 1820 cupit.

947 1838 1082 1909 Quidquid
1098 1837 1180 1893 molle
1190 1835 1279 1908 juvat,
1294 1839 1366 1909 quod
1380 1839 1450 1901 risu,
1472 1838 1599 1909 quodque
1610 1836 1739 1894 decorum

1594 1927 1701 2001 [est¹⁸²,
1722 1947 1726 1959 .

984 2016 1119 2087 balcequc
1132 2017 1271 2088 corporeis
1286 2018 1412 2074 sensibus
1426 2033 1486 2074 esse
1501 2018 1569 2074 solet
1585 2036 1592 2074 t

946 2108 1003 2166 lleu
1019 2109 1135 2165 misero!
1152 2116 1237 2164 totum
1252 2116 1345 2180 turpes
1356 2110 1391 2143 '⁸⁸
1405 2110 1521 2166 dcllcctit
1534 2111 1560 2165 in
1576 2125 1654 2179 rrstrs,

981 2199 1115 2270 Nullaque
1128 2199 1247 2256 declinat
1260 2200 1369 2257 sordida
1383 2208 1461 2271 turpe
1474 2216 1567 2272 pecus.

946 2295 1017 2364 Ergo
1024 2293 1108 2367 jocis,
1122 2308 1232 2360 renmc,
1246 2300 1273 2350 et
1287 2294 1361 2360 rirro,
1373 2307 1524 2365 somnoque
1541 2293 1629 2350 beatae

982 2388 1118 2458 Expendit
1134 2387 1197 2443 rite
1211 2396 1332 2458 tempora
1350 2395 1405 2442 tota
1423 2401 1489 2442 suae.

944 2480 1059 2551 iainque
1072 2494 1136 2536 caro
1152 2487 1225 2536 totus
1239 2479 1326 2535 nescit
1339 2494 1421 2549 quam
1435 2477 1528 2534 deuius
1538 2477 1572 2510 ¹⁰⁸
1586 2485 1666 2534 erret.

955 2603 958 2608 ·
981 2571 1057 2626 biens
1067 2569 1137 2626 male
1153 2585 1247 2640 pressa
1259 2570 1336 2642 graui
1351 2571 1470 2640 pondere
1485 2569 1576 2624 carnis
1590 2569 1673 2624 hebes
1683 2565 1719 2606 ¹⁸⁶

945 2663 1038 2719 Nescit
1052 2671 1182 2734 perpetuo
1195 2662 1266 2735 quod
1279 2672 1381 2718 torrem
1396 2663 1499 2718 rrntriat
1511 2661 1565 2731 igni

980 2752 1094 2823 Corpus,
1109 2752 1181 2823 quod
1197 2752 1280 2808 tantis
1291 2760 1371 2807 curat
1383 2751 1526 2822 alitque¹⁶²
1542 2751 1639 2807 modis.

944 2844 1057 2913 Qualem
1069 2855 1098 2900 tu
1109 2844 1199 2901 credis
1210 2844 1294 2923 vitam
1310 2843 1470 2899 mortalibus
1484 2843 1564 2898 cssei

980 2938 1013 2993 Et
1025 2936 1126 3003 breris,
1139 2944 1166 2992 et
1184 2935 1275 2992 multis
1288 2943 1331 2991 est
1341 2944 1453 2990 onerata
1468 2935 1558 2989 rrralis.

908 3059 930 3117 c
945 3025 1082 3096 Quotquot
1093 3033 1253 3092 nascuntur,
1273 3038 1325 3080 tot
1342 3022 1395 3080 illis
1410 3025 1497 3095 prima
1510 3023 1612 3079 doloris
1629 3042 1636 3077 :
1714 3020 1718 3028 '

982 3115 1079 3186 Incipit
1093 3131 1108 3171 a
1127 3115 1189 3172 lictu
1201 3114 1237 3147 ¹⁸⁸
1253 3114 1344 3170 rivere
1357 3113 1479 3184 quisquis
1494 3112 1585 3169 borno.

945 3205 1043 3277 Aspice
1067 3220 1121 3278 qna
1150 3205 1265 3262 nriseros
1287 3204 1389 3261 icriunt
1416 3220 1468 3262 nos
1494 3204 1613 3275 undique
1638 3220 1645 3259 :
1671 3212 1738 3274 qrrot

1618 3292 1702 3367 [suttl,

982 3388 1141 3459 Quantaque
1155 3387 1269 3460 privatis
1280 3388 1314 3421 ¹⁸⁸
1329 3387 1437 3458 publica
1453 3387 1532 3441 mista
1551 3383 1639 3440 malis.

944 3480 1058 3553 Prigore
1072 3495 1145 3537 nunc
1163 3481 1258 3546 nimio,
1273 3480 1357 3535 niratio
1370 3495 1442 3534 nnnc
1456 3478 1580 3533 laedinurr
1593 3487 1661 3532 aestu
1678 3494 1685 3530 ε

981 3574 1090 3645 Nosque
1102 3574 1189 3630 lamus
1203 3581 1292 3639 uexat,
1309 3581 1417 3643 torquet
1434 3571 1532 3627 acerba
1545 3570 1605 3625 sitis
1619 3569 1665 3623 ³²⁰.

945 3664 1036 3721 llusca
1054 3674 1144 3731 nocet,
1159 3665 1335 3734 modicusque
1360 3663 1450 3735 parler,
1464 3662 1507 3718 tel
1522 3662 1628 3734 regibus
1647 3659 1712 3731 ipsis
1728 3674 1738 3716 t

981 3755 1036 3812 Nec
1052 3756 1155 3810 iaeirrut
1170 3764 1241 3809 tutos
1258 3755 1332 3826 regia
1347 3761 1453 3825 sceptra
1467 3769 1542 3808 suros.

838 3874 847 3891 ·
946 3846 996 3901 llic
1008 3845 1080 3901 dolet
1092 3843 1231 3910 exsilium;
1251 3852 1367 3898 murtena
1383 3842 1456 3896 dolet
1470 3841 1538 3896 altcr
1552 3840 1649 3907 amici;

982 3933 1049 3990 lluic
1064 3936 1147 3991 chara
1168 3933 1264 3990 orbato
1279 3933 1393 4003 conjuge
1405 3931 1470 3986 licre
1485 3930 1562 3985 libet.

946 4029 995 4086 llic
1007 4030 1081 4099 jacet
1092 4027 1220 4093 iniamis;
1236 4027 1320 4082 miser
1339 4026 1383 4081 hie
1397 4027 1423 4079 in
1439 4038 1550 4080 carcere
1565 4021 1662 4093 luget:

982 4121 1060 4176 llunc
1075 4129 1164 4175 metus
1175 4118 1280 4176 hostilis
1296 4117 1417 4184 territam
1434 4116 1503 4172 alter
1512 4122 1583 4186 eget.

947 4213 997 4270 llic
1016 4213 1101 4285 gonrit
1112 4213 1146 4246 ¹⁷¹
1172 4213 1307 4269 incestum
1329 4218 1465 4282 cormptae
1493 4207 1616 4282 conjugis
1628 4206 1679 4270 ”¹3
1698 4201 1741 4260 al·

1651 4297 1704 4370 [tor

910 4434 932 4490 D
982 4397 1097 4455 Delusus
1115 4395 1182 4453 laisa
1196 4395 1350 4466 suspicione
1364 4394 1451 4450 timet.

947 4493 1085 4549 Excessus
1102 4489 1200 4561 aliquis
1214 4489 1337 4560 deplorat
1352 4489 1486 4559 grandine
1501 4489 1580 4556 uites,

982 4583 1036 4640 lste
1048 4582 1116 4637 mari
1132 4589 1235 4653 magno
1247 4581 1394 4651 deperiisse
1408 4589 1490 4635 rates.

947 4676 1014 4731 Pars
1024 4674 1060 4706 ’τ’
1074 4672 1200 4743 queritur
1212 4671 1298 4727 sterili
1320 4671 1391 4727 male
1403 4669 1507 4726 credita
1518 4669 1627 4729 semina
1643 4679 1743 4737 terrae;

982 4763 1049 4819 Part
1064 4762 1159 4818 metuit
1171 4761 1273 4818 domini
1286 4760 1549 4831 uimqneminasque
1563 4762 1615 4819 sui.

947 4855 1068 4913 Perdidit
1083 4854 1127 4909 liic
1146 4851 1248 4922 justam
1263 4851 1313 4906 sub
1328 4851 1419 4922 iniquo
1430 4850 1522 4920 judice
1534 4867 1645 4910 eausam
1663 4869 1670 4908 :
1754 4927 1762 4940 ο

988 4948 1045 5007 llas
1063 4950 1172 5019 rapiunt
1185 4947 1278 5014 iures;
1299 4947 1349 5002 has
1362 4953 1464 5001 cremat
1479 4944 1551 5020 ignis
1562 4960 1638 5017 opes.

759 5083 877 5141 lttlttAE
895 5080 1099 5142 merlonus

137 5217 491 5276 ”tinteumuunserttitta
528 5183 1053 5275 ’⁸¹blultalibentiamsr.multalatentia
1091 5211 1542 5280 “¹llidetqrroquemtcponnntur
1577 5207 1743 5279 mCumque

103 5291 232 5347 decorum
248 5307 310 5345 mss.
319 5291 581 5361 quodqnedecorum
618 5288 829 5345 '⁸⁸llaecmisero
838 5285 1173 5344 totummiserosrnmbeu
1186 5281 1284 5336 misero
1293 5289 1377 5362 totrrm
1388 5285 1535 5351 truquesms,
1544 5277 1577 5334 0.
1586 5280 1743 5360 lrennriscru

102 5371 188 5416 toturn
206 5362 319 5417 miseros
355 5361 390 5392 ¹⁸⁸
405 5361 492 5429 Quam
507 5359 603 5415 elisius
614 5376 676 5414 uass.
691 5377 772 5429 <param
787 5361 881 5416 devitas
917 5358 953 5391 '⁸⁸
968 5358 1066 5414 Carnis
1076 5355 1162 5413 haeret
1174 5368 1236 5407 nats.
1250 5365 1341 5405 carnus
1353 5349 1438 5405 habet
1449 5366 1499 5404 ms.
1512 5346 1545 5404 0.
1559 5366 1649 5404 carnus
1662 5350 1743 5406 lrchct

101 5431 138 5465 '⁸'
153 5430 343 5502 Curataliiqne
355 5448 420 5486 nats.
432 5441 510 5486 currat
528 5431 631 5500 alitquo
668 5429 704 5462 ¹⁸⁸
718 5428 921 5498 lrrraepttattetu
933 5446 994 5483 rurs.
1006 5427 1101 5494 incipit
1111 5423 1203 5507 alletu'
1233 5421 1268 5455 ¹⁸⁸
1280 5420 1386 5488 Quanta
1395 5421 1743 5503 priuatisntssquantaqttc

102 5502 218 5574 privatis
255 5501 290 5533 ¹⁷⁰
302 5502 400 5558 Amara
412 5501 471 5557 sitis
485 5517 548 5557 mss.
562 5500 659 5556 acerba
672 5500 733 5557 sitis
769 5495 1113 5570 '⁷¹llicgenritrrrsr.lam
1135 5503 1219 5566 gemit
1254 5492 1290 5524 ”¹¹
1312 5489 1447 5575 corrupta
1463 5506 1662 5573 contttgrsmsr.
1678 5507 1742 5570 cnr-

102 5581 190 5642 ruptae
204 5569 328 5642 conjugis
364 5573 400 5606 ¹⁷⁸
410 5572 564 5631 clamosum
583 5572 760 5643 regidumqne
773 5587 842 5645 puer
856 5569 933 5626 tinret
946 5569 991 5626 ille
1004 5576 1145 5641 parentem
1159 5580 1222 5623 nats.
1237 5563 1304 5620 Pars
1314 5572 1440 5631 queritur
1449 5563 1536 5621 sterili
1553 5560 1738 5620 malcoredus

103 5643 207 5700 semina
223 5651 302 5700 terrac
