3690 6008
171 215 239 274 rtet
437 218 465 272 S.
486 214 636 274 ausentii
656 216 831 275 cautuae.
850 217 1010 276 nbctttbe.
1032 216 1108 275 bct).
1128 215 1219 273 PARS
1237 215 1282 271 tlt.
1307 245 1341 257 -
1360 213 1556 272 EPISTOLAE.
1758 213 1813 269 1111
1844 249 1845 266 ι

169 331 274 387 torrere
284 329 394 403 (11111.
412 348 470 398 ιιιι,
481 333 537 403 bl),
546 335 743 406 quantomagis
756 335 957 392 tribulationem
972 340 995 399 Α
1009 334 1161 391 beccenses
1173 334 1304 400 risurum,
1319 332 1486 403 moltumque
1500 338 1681 386 exterritans
1695 326 1740 384 bis
1763 344 1812 385 auca
1844 371 1845 392 ,

168 426 335 482 arlrcrsitate
370 426 511 480 atterimur
536 427 582 483 ³¹¹.
618 428 752 483 Coulblite
776 442 841 498 ergo
874 427 961 497 quiin,
1013 434 1181 497 esttangere
1203 441 1310 482 serviam
1336 435 1468 480 restrum.
1495 423 1551 479 Sed
1577 423 1813 480 curtruidcretnu

168 531 307 576 annuente
321 520 387 585 ileo,
402 530 465 591 post
479 521 683 577 tribulationem
699 522 792 576 laetitia
809 536 961 593 conseque-
1013 519 1194 576 intentissime
1206 518 1382 575 meditantem
1390 518 1426 555 ¹¹⁸
1439 527 1468 572 ut
1479 518 1514 573 ad
1526 530 1581 572 nos
1595 524 1626 572 ot
1641 530 1813 587 quaesennqne

169 622 225 668 tur.
243 612 272 668 Si
291 613 353 683 quis
364 624 454 668 antem
466 629 502 669 ex
519 615 595 670 robis
612 615 639 669 iu
656 616 708 670 bac
722 615 898 671 tribulatione
916 615 963 671 de·
1012 629 1131 686 possem,
1142 616 1277 673 mitterem
1288 631 1338 686 pro
1350 615 1487 671 auxilioet
1498 629 1643 671 succursu
1656 615 1812 676 orationum,

169 702 277 768 lecerit,
292 704 373 759 dicite
386 720 394 756 a
408 703 447 759 De
461 705 535 759 nolis
556 706 630 771 exiit,
644 705 689 759 aed
705 721 756 760 non
769 718 825 762 erat
836 721 869 762 ex
888 708 962 762 nolra
987 685 993 705 ’
1010 707 1141 763 exterrita
1157 707 1225 778 fugit
1239 709 1410 765 exterritum.
1425 707 1479 764 Sed
1493 707 1567 762 illud
1584 707 1733 762 tantillum
1755 710 1812 777 girol

169 790 196 862 tl
208 791 288 848 loon.
306 808 337 860 n,
353 793 411 864 19);
427 795 557 865 quianon
573 805 633 850 erat
652 796 791 852 nobiscum
814 798 960 854 radicatus.
1012 797 1146 855 habebam
1160 801 1276 871 saporis,
1301 800 1400 858 edendi
1429 811 1458 856 et
1481 800 1661 870 dormiendi,
1677 810 1707 855 et
1730 801 1811 857 rirnu

168 883 464 941 llevolrrntateautem
480 896 572 942 nostra
595 888 647 944 boc
677 904 755 946 mens
773 899 866 945 nostra
897 891 962 947 dicit
1013 892 1146 960 corporis,
1160 893 1241 947 arida
1254 893 1366 948 nocendi
1380 892 1564 947 accelerando
1581 890 1681 962 rapuit
1694 899 1810 948 etseeaa

166 985 192 1030 et
208 974 298 1046 lingua
312 976 374 1047 qtria
388 978 411 1032 si
431 977 494 1033 olitn
510 977 655 1034 rolrrissem
671 979 709 1014 ⁸¹¹
725 990 754 1035 et
771 980 960 1052 praecepissem
1011 983 1084 1041 tulit.
1099 984 1185 1039 'lanta
1202 984 1286 1054 igitur
1298 982 1357 1053 ejus
1368 983 1425 1038 buc
1440 982 1597 1054 mancipia,
1615 982 1763 1038 lastiniam
1774 987 1811 1039 aaa

167 1083 197 1129 ut
225 1072 396 1131 banlraneus
419 1084 495 1130 esset
510 1074 601 1129 dbbas
617 1083 717 1142 tester,
732 1076 802 1145 arrad
817 1084 892 1131 certe
906 1091 960 1131 uon
1011 1072 1110 1131 licetet
1120 1075 1296 1141 insomnium,
1310 1083 1338 1130 et
1352 1075 1447 1129 borum
1464 1074 1574 1130 sociam
1590 1072 1810 1137 imbecillitates,

167 1167 240 1224 ieci:
258 1175 314 1222 tam
335 1164 475 1223 crudelem
496 1183 526 1223 se
540 1184 621 1240 super
635 1184 684 1224 ros
706 1169 838 1235 ostendit,
856 1177 884 1223 ut
903 1169 960 1240 jam
1012 1184 1072 1240 qrrae
1083 1168 1142 1237 «rjus
1153 1183 1261 1238 semper
1283 1167 1359 1236 scorti
1375 1166 1464 1223 solent
1492 1175 1572 1221 terra
1596 1166 1761 1236 vestigia.a
1780 1184 1811 1220 nn

166 1273 217 1313 uec
232 1258 301 1315 nelle
313 1274 430 1330 possem.
448 1258 552 1316 llarlcte.
1012 1259 1396 1330 nondumexpellerepossuna.
1411 1257 1474 1314 llaec
1485 1257 1601 1313 ideirco
1613 1259 1721 1313 mando
1732 1268 1811 1312 restae

398 1371 566 1430 gpgggggg
584 1373 665 1429 xmp
684 1375 731 1432 tia·
1013 1350 1141 1406 ebarituti
1158 1350 1221 1421 quia
1239 1359 1339 1406 statum
1353 1363 1420 1404 meae
1434 1347 1591 1418 parvitatis
1612 1361 1731 1417 semper
1750 1349 1811 1402 solit

451 1483 485 1521 A„
496 1482 687 1524 mmmm·
988 1488 993 1523 ,
1012 1455 1106 1497 notum
1120 1443 1263 1509 esserum,
1278 1452 1304 1498 et
1316 1457 1364 1497 ros
1376 1440 1543 1512 idipsum⁸¹⁸
1560 1439 1636 1495 velle
1649 1455 1708 1495 non
1722 1440 1807 1510 ipram.

166 1557 244 1623 Quod
267 1561 321 1630 ipse
336 1560 520 1614 molestissimo
545 1561 617 1629 febre
638 1569 775 1627 correptus
804 1560 884 1628 interit
897 1560 961 1616 darm
1012 1532 1117 1590 ⁵⁰⁵¹⁰²⁰
1130 1534 1194 1605 ‘¹⁰³³
1207 1533 1294 1589 ‘¹⁰¹¹⁰⁰
1314 1549 1362 1589 ‘¹⁰⁸
1374 1533 1493 1598 Videam·
1509 1547 1628 1602 semper
1644 1547 1694 1588 ¹¹¹⁰
1720 1532 1807 1588 deum

201 1627 320 1684 crunno
335 1631 446 1684 Beecam
466 1630 562 1683 rediret
577 1646 657 1700 :nun
671 1643 759 1684 totana
774 1632 961 1712 retpotonem
1013 1641 1071 1680 reru
1094 1626 1127 1681 ad
1145 1641 1195 1681 ros
1223 1625 1350 1681 renitendi
1373 1640 1520 1696 cognosco.
1547 1625 1657 1680 tranare
1685 1639 1752 1696 erno
1778 1639 1808 1679 ur

201 1701 453 1781 111111111011151
471 1701 758 1756 01111011111111111111
777 1702 957 1778 ’1111111111
975 1720 1110 1781 Brestris
1137 1719 1320 1786 orationibus,
1345 1727 1377 1773 nt
1413 1717 1572 1774 secretarium
1598 1726 1700 1773 return
1732 1730 1808 1771 menan

201 1811 305 1865 boaurro
330 1818 359 1866 et
387 1809 462 1865 Patri
484 1810 575 1866 abbati
608 1810 757 1867 reverendo
774 1810 957 1879 Grsasnenro,
1011 1812 1113 1882 possim
1138 1811 1243 1868 soluere
1266 1811 1387 1867 debitum
1412 1824 1515 1865 uncum
1543 1808 1653 1866 Valeto
1694 1818 1808 1864 rtuncu

164 1900 278 1972 citusque
292 1901 429 1956 sanctitati
442 1902 598 1958 commissis
620 1902 727 1958 domnis
740 1912 767 1958 et
782 1903 915 1960 iratribus
930 1904 956 1958 in
1009 1919 1128 1974 semper.

164 1993 730 2060 6111111151οωιιο1ἰοοοιιιιιιαιιοιιιὶ1ιιε,
755 1994 840 2051 irater
856 1998 958 2053 bussu-
1245 1992 1414 2051 bristout
1431 1992 1504 2049 xtv
1523 1993 1575 2048 ⁸¹⁸.

59 2068 63 2075 ¹
165 2100 227 2153 nus,
245 2085 426 2154 qnodserrus
444 2084 684 2142 lrdelisetsrater.
1308 2104 1342 2144 ab
1361 2101 1507 2144 usuarcrnt.

199 2177 347 2248 Postqoam
360 2194 374 2230 a
389 2186 478 2233 nestra
491 2178 643 2234 desiderata
657 2176 793 2249 presentia
809 2193 896 2250 nuper
912 2180 958 2247 ri,
1010 2180 1112 2237 la'oorot
1124 2198 1172 2252 pro
1183 2181 1311 2237 monacho
1330 2179 1488 2263 resecasti
1502 2179 1585 2234 estin
1603 2180 1675 2233 notia
1688 2178 1805 2232 redirent

164 2282 247 2336 urrant
258 2266 345 2331 scitis,
362 2267 517 2325 altstractus
531 2268 632 2325 recessi
651 2285 658 2322 z
674 2267 789 2324 lleccum
805 2282 869 2327 ante
880 2273 957 2329 lesti—
1145 2253 1221 2319 01111
1235 2263 1259 2307 ‘¹
1272 2267 1409 2324 1111111111
1423 2260 1546 2304 mmm*
1562 2250 1678 2305 ‘⁰¹2²'ss

164 2363 276 2416 nitatem
291 2356 322 2412 S.
337 2357 475 2416 Benedicti
497 2361 532 2416 ob
556 2358 640 2416 multa
655 2361 848 2432 impedimenta
866 2365 958 2423 ridere
1045 2363 1156 2421 Domnis
1168 2373 1196 2420 et
1207 2364 1313 2431 amicis,
1325 2373 1353 2419 ct
1366 2361 1499 2418 iratribus
1511 2361 1704 2427 cbarissimis,
1719 2363 1805 2416 alamno

164 2472 218 2513 nou
233 2460 319 2529 potui.
332 2459 406 2515 intra
424 2456 496 2529 qarotl
511 2457 628 2529 spatium
645 2472 709 2515 cum
726 2458 819 2515 tttttllis
841 2460 915 2515 curis
931 2467 959 2515 et
1009 2456 1095 2526 priori
1118 2455 1249 2521 Henaton,
1269 2463 1297 2511 et
1323 2453 1384 2511 aliis
1404 2454 1431 2509 in
1452 2452 1655 2510 Cantor-'triensi
1677 2453 1804 2517 coenobio,

165 2551 307 2608 doloribus
320 2551 461 2623 corporeis
474 2550 588 2607 allectus
601 2565 690 2606 essem
703 2551 731 2606 in
755 2550 871 2606 Francia
884 2551 959 2605 insu·
1009 2547 1111 2604 Claristi
1128 2546 1257 2602 Ecclesiae
1282 2545 1371 2601 servis
1382 2543 1432 2600 {lei
1445 2543 1705 2606 submonentibus,
1729 2541 1806 2598 lraou

164 2656 216 2712 per
227 2642 312 2700 febris
325 2643 416 2699 subito
429 2641 510 2699 irruit
524 2640 552 2698 ln
573 2656 628 2708 me,
643 2642 773 2701 ferociter
786 2639 958 2698 comminans
1011 2638 1163 2700 Ausucum,
1178 2638 1206 2692 in
1217 2645 1318 2692 sanctur
1332 2635 1395 2691 ritae
1415 2635 1562 2706 proposito
1583 2649 1694 2706 semper
1707 2635 1742 2690 ad
1755 2647 1804 2688 me-

164 2748 208 2789 ane
231 2749 284 2789 non
306 2732 422 2805 amplius
447 2749 506 2798 sos,
536 2733 657 2803 aliosque
690 2732 815 2792 dominos
850 2741 959 2789 nostros
1011 2727 1079 2786 liora
1090 2728 1233 2801 girodcere,
1253 2736 1281 2785 ct
1294 2741 1431 2801 rtonquam
1445 2726 1579 2783 dolrcere.

816 2844 934 2901 lellAE
953 2842 1153 2900 aberremus.

182 2922 233 2968 '⁸¹⁸
244 2935 459 2992 Tribulatiouum
470 2935 612 2992 atterimus
624 2954 674 2993 mr.
688 2936 889 2993 tribulationum
900 2937 1064 2992 attversiute
1078 2936 1219 2993 atterimur
1254 2933 1445 2990 ⁸¹¹·Venissern
1461 2949 1511 2987 ms.
1526 2931 1678 2988 nolrrissem
1711 2930 1804 2986 ⁸¹¹llol·

162 3007 222 3133 m
239 3006 408 3134 ξὲίιὶιιοὲοξξειιι
420 3024 471 3063 nra.
508 3007 545 3041 ⁸¹¹¹
560 3006 694 3066 blediaute
711 3025 762 3064 ms.
777 3007 952 3064 meditantem
989 3007 1074 3063 ⁸¹⁸Et
1092 3007 1230 3077 adipsum
1261 3023 1311 3079 nra,
1332 3014 1362 3063 et
1389 3019 1437 3062 vos
1462 3003 1597 3075 idipsum
1646 3001 1685 3035 ⁸¹⁸
1706 3003 1791 3058 Colias

772 3170 914 3229 tutubts
926 3169 1063 3228 Pictum
1082 3165 1200 3226 NOTAE.

163 3272 322 3338 pmtegente
336 3266 468 3322 serravit.
484 3265 549 3322 Erat
564 3275 630 3321 tnnc
647 3264 750 3322 Beeeus
762 3265 884 3322 aediliciis
897 3280 958 3337 par·
971 3271 993 3331 c
1010 3254 1131 3320 candida'
1139 3261 1264 3334 apparuit
1276 3240 1348 3317 tilius
1363 3260 1482 3317 baldrici
1492 3260 1526 3316 de
1538 3259 1716 3328 burenville,
1731 3274 1805 3330 omos

163 3353 232 3399 urus,
251 3351 354 3408 pauper
382 3335 508 3403 lortuna,
541 3337 667 3406 superior
692 3334 832 3407 religionis
850 3353 956 3391 norma.
1011 3332 1134 3402 ejusdem
1151 3333 1268 3390 abbatis.
1285 3331 1369 3403 Crtjrts
1383 3341 1495 3400 aspectu
1516 3332 1545 3386 in
1571 3332 1649 3387 utillo
1675 3332 1805 3387 turbatus.

162 3407 243 3463 Pater
255 3407 364 3475 atridem
381 3409 509 3477 praelatus
522 3353 571 3462 bet
585 3422 678 3462 amore
691 3406 821 3478 pollebat,
836 3406 883 3462 scd
901 3405 956 3461 lra-
1011 3403 1167 3460 amabiliter
1186 3405 1227 3460 sic
1248 3418 1310 3458 eum
1337 3401 1422 3457 abbas
1443 3401 1547 3456 ellatur
1566 3420 1574 3456 a
1595 3403 1668 3471 erid
1687 3413 1730 3458 cst
1759 3402 1805 3455 trlr'

163 3486 236 3531 tmm
251 3475 356 3530 utilium
376 3477 562 3532 consolatione
577 3477 697 3532 carebat.
718 3474 838 3540 Verum,
860 3491 958 3531 secun·
1007 3473 1184 3544 quomodote
1204 3473 1305 3529 lnalresl
1322 3472 1351 3528 Et
1372 3486 1438 3543 puer
1461 3472 1614 3528 alacriter:
1631 3473 1698 3545 Ego,
1717 3472 1804 3527 Pater.

164 3548 228 3602 dum
241 3545 312 3615 qarod
327 3547 460 3617 seriptum
476 3555 538 3613 est:
556 3544 580 3602 F
583 3555 642 3600 ncta
666 3546 808 3616 cogitatum
829 3556 904 3600 tuan
920 3547 957 3613 jin
1008 3545 1077 3601 bene
1090 3545 1187 3608 babeo,
1199 3544 1262 3614 onia
1276 3558 1323 3612 per
1337 3542 1386 3598 bel
1399 3542 1618 3599 misericordiam
1633 3553 1662 3599 et
1676 3560 1726 3614 per
1739 3556 1804 3598 tuan

164 3615 289 3679 Domino,
304 3624 328 3667 et
344 3615 398 3684 ipae
409 3617 521 3670 enutriet
536 3624 560 3669 te
571 3613 657 3684 (Paul.
673 3629 731 3681 ιιι,
746 3614 958 3686 1511111εεί-
1008 3615 1248 3679 intercessionem,
1270 3614 1400 3669 liberatus
1424 3628 1486 3668 sum
1508 3612 1546 3668 ab
1559 3615 1638 3669 omni
1666 3624 1804 3670 tormento.

163 3686 226 3741 aluis
242 3684 289 3739 [lei
304 3683 476 3740 clementiam
491 3686 549 3756 ipse
570 3694 726 3741 exsecraret
737 3685 875 3755 precibus,
887 3700 956 3756 qrra·
1007 3685 1056 3742 scd
1074 3685 1144 3739 Deus
1160 3684 1234 3740 misit
1249 3700 1293 3741 me
1309 3684 1343 3739 sd
1358 3693 1396 3749 te,
1412 3692 1443 3739 nt
1457 3683 1552 3740 dicam
1569 3685 1633 3752 tibi,
1647 3686 1713 3755 quia
1731 3686 1753 3739 si
1766 3685 1804 3737 tibi

164 3767 247 3813 tenos
264 3753 316 3810 sibi
330 3754 410 3810 talem
426 3755 515 3811 virum
528 3755 668 3825 dirigeret,
680 3753 758 3824 catius
771 3755 870 3812 solatio
885 3758 959 3810 ioue·
1007 3769 1062 3810 nou
1076 3756 1256 3826 prospexeris.
1269 3754 1430 3826 magistrum
1447 3753 1641 3810 Lanl'rattcnm
1657 3770 1712 3811 nou
1733 3755 1803 3810 habe

162 3835 252 3890 retur,
268 3826 384 3881 consilio
398 3826 579 3887 animaretur,
595 3825 730 3897 adjutorio
744 3834 956 3890 sustentaretur,
1007 3824 1060 3881 bis.
1074 3825 1165 3880 Abbas
1179 3824 1351 3880 admiratus:
1376 3823 1532 3892 Qarourodo,
1549 3824 1656 3896 intorsit,
1678 3826 1731 3880 lilii
1743 3825 1803 3880 Puer

162 3895 347 3952 Lanlraneum
368 3896 520 3951 liberalium
534 3895 633 3950 artium
655 3896 808 3952 eruditione
827 3898 956 3964 peritiam,
1007 3894 1115 3950 adhaec
1139 3893 1230 3962 :eria
1258 3896 1341 3950 ritum
1368 3894 1521 3951 solitariam
1552 3896 1703 3957 desiderat
1729 3896 1804 3950 etde

161 3981 270 4022 morum
292 3966 426 4036 probitate
449 3967 638 4035 conspicuum,
653 3966 758 4022 ratione
783 3967 876 4021 divina
901 3967 958 4022 sul·
1007 3965 1173 4021 monasterio
1187 3965 1279 4036 egredi
1295 3965 1438 4021 deliberat.
1462 3963 1532 4019 liam
1552 3981 1648 4023 rnoree
1661 3967 1803 4022 iratrumrt

151 4037 270 4102 deltam,
287 4036 460 4092 discretionis
476 4037 575 4092 uirtute
587 4036 732 4091 subnixum
744 4037 768 4092 el
783 4037 896 4099 direxit,
910 4035 957 4106 qrri
1007 4036 1064 4090 rita
1080 4035 1198 4090 nonsibi
1222 4034 1321 4090 nlaecnt
1341 4054 1349 4090 a
1365 4034 1430 4091 Vitio
1442 4046 1508 4105 ergo
1533 4035 1606 4106 quid
1631 4037 1728 4099 iacias.
1748 4036 1801 4106 oon

163 4105 216 4162 sibi
230 4108 264 4161 ad
279 4106 371 4162 omnia
385 4107 472 4173 utilis,
496 4107 528 4162 ad
550 4116 660 4171 cuneta,
676 4120 737 4176 quae
764 4107 809 4178 pie
834 4108 955 4171 volebat,
1008 4107 1056 4161 tibi
1071 4121 1124 4161 noa
1137 4051 1257 4174 expedia
1271 4105 1318 4160 llis
1330 4105 1411 4162 dictis
1424 4118 1492 4175 puer
1502 4104 1657 4177 disparuit.
1670 4108 1758 4164 dbbas
1770 4115 1802 4159 at-

162 4175 494 4233 aoeommodrrsluit.llam
509 4176 957 4247 ipsiusbonitateatqueindustria,
1005 4177 1111 4232 turritus
1127 4176 1154 4230 in
1169 4177 1201 4230 iis
1214 4189 1274 4245 uuae
1288 4175 1423 4239 audierat,
1439 4173 1577 4300 religuuur
1597 4178 1693 4234 noctis
1713 4177 1801 4250 sigiliis

162 4247 291 4304 doctrina
306 4257 388 4317 atquo
398 4246 519 4304 elllcacio
535 4246 607 4302 istud
626 4247 792 4312 coertobiom,
813 4259 843 4303 ut
853 4248 958 4304 eunetis
1006 4255 1035 4302 et
1048 4245 1218 4302 orationibus
1229 4244 1354 4302 insomne
1363 4243 1479 4328 peregit.
1514 4260 1614 4302 ummo
1630 4259 1725 4304 autem
1737 4262 1802 4303 mane

162 4327 256 4373 uotum
271 4325 325 4383 est,
349 4331 466 4387 superna
487 4317 672 4388 pietas-sacre
695 4317 836 4389 religionis
860 4318 957 4374 ordine
1006 4331 1070 4371 mox
1085 4324 1117 4372 ut
1130 4331 1178 4372 ora
1194 4314 1320 4388 loquendi
1336 4329 1366 4372 se
1378 4316 1469 4380 beart,
1487 4314 1688 4374 lanfrancum
1709 4318 1800 4374 asciuit.

162 4387 330 4452 inicrnronit,
347 4387 439 4444 multis
454 4386 613 4453 horroribus,
627 4387 709 4442 terris
728 4397 756 4442 ct
770 4387 878 4458 praediis
898 4402 957 4442 aru-
1006 4400 1098 4442 seeum
1114 4386 1292 4458 singulariter
1304 4385 1400 4443 sedere
1412 4384 1487 4441 lecit.
1502 4383 1561 4441 Cor
1585 4387 1704 4445 abbatis
1718 4390 1800 4444 indm»

162 4459 269 4531 pliantt,
285 4456 408 4528 pluribus
422 4460 502 4514 ctiam
517 4458 640 4528 personis
658 4456 795 4514 nobilibus
808 4467 889 4528 atquae
907 4459 956 4512 lro·
1007 4457 1100 4514 dolore
1111 4458 1300 4522 cruciabatur,
1315 4470 1367 4511 ror
1384 4457 1456 4514 iutra
1474 4453 1571 4511 lauces
1596 4460 1750 4528 premitur,
1769 4458 1800 4512 ta·

162 4529 261 4591 uestis,
273 4530 307 4582 ad
321 4527 427 4583 laudem
439 4539 466 4585 et
478 4527 591 4600 gloriam
605 4528 723 4584 nominis
734 4528 775 4582 sui
787 4528 953 4584 sublimarit.
1006 4541 1108 4600 organa
1131 4527 1269 4584 uberrime
1290 4535 1464 4599 erumpentes
1484 4524 1612 4582 dolerent
1629 4531 1726 4586 cordis
1748 4543 1799 4597 ape

163 4597 217 4654 Sed
232 4597 266 4652 ad
280 4597 318 4652 rei
333 4596 505 4664 relationem,
516 4597 593 4665 euius
606 4600 750 4655 occasione
765 4598 816 4655 ista
831 4599 956 4670 praeliba·
1007 4599 1092 4652 riunt.
1113 4595 1282 4655 Lanlrancus
1304 4598 1362 4653 lucc
1380 4597 1486 4660 vitlena,
1509 4596 1539 4652 in
1555 4607 1667 4656 terram
1693 4611 1800 4672 proster-

161 4669 201 4734 ni,
212 4666 376 4737 pertingam.
389 4661 512 4724 Cernens
521 4666 690 4724 Larrlrancus
701 4668 815 4725 fratrum
828 4669 955 4724 incrtlaru
1006 4682 1075 4724 neus
1089 4681 1128 4733 se,
1143 4682 1194 4723 cur
1207 4669 1291 4724 abbas
1305 4669 1348 4724 sie
1360 4666 1449 4738 plorat
1459 4666 1563 4737 aperiri
1576 4669 1632 4724 sibi
1654 4671 1801 4742 suppliciter
1833 4684 1842 4731 a

162 4751 271 4795 ntorum
287 4738 461 4805 pravitatem,
474 4738 578 4793 ordinis
597 4740 852 4810 transgressionem,
867 4740 955 4808 conji—
973 4737 1146 4807 bpreoatur.
1160 4736 1280 4793 'landem
1295 4738 1381 4793 abbas
1405 4737 1433 4792 iu
1454 4737 1513 4792 baec
1536 4740 1626 4794 rerba
1653 4743 1777 4812 prorupit
1794 4755 1799 4788 :

163 4809 240 4865 ciens
251 4807 334 4863 etiarn
348 4807 454 4879 aliquos
461 4808 511 4863 sibi
528 4809 658 4875 irrridere,
673 4810 719 4881 qui
734 4810 783 4865 sibi
798 4809 955 4865 metuebant
1010 4807 1067 4864 lieu
1079 4807 1158 4874 milri,
1169 4809 1213 4864 eui
1229 4808 1282 4863 talc
1295 4809 1425 4864 dantnnm
1433 4807 1657 4866 minaturlleus!
1674 4813 1719 4868 Vae
1732 4808 1800 4868 mili?

161 4893 227 4936 eunt
241 4875 436 4948 proliciendum
456 4878 525 4943 iore,
539 4880 684 4950 ignorabat
705 4881 769 4963 quid
783 4891 885 4950 ageret,
900 4894 954 4949 orto
1009 4880 1055 4950 qrri
1069 4892 1159 4933 meum
1174 4878 1315 4935 eonsilium
1326 4877 1441 4949 perdidi,
1459 4891 1553 4933 meum
1568 4880 1710 4938 auxilium
1725 4883 1799 4938 anui.

162 4964 193 5006 ae
204 4946 350 5013 conferret,
365 4949 481 5005 tedebat
495 4964 556 5004 eunti
569 4950 783 5006 conversationis
794 4950 953 5014 inhonestae,
1000 4949 1149 5005 ·.·nultoties
1174 4962 1348 5020 permagnos
1365 4947 1481 5020 gemitus
1494 4947 1582 5003 [ἱειιιιι
1607 4954 1719 5023 rogavi,
1739 4953 1800 5008 uber·
1831 4974 1840 5047 Ι

164 5019 287 5075 inbiabat
305 5020 433 5074 ardenter
447 5021 480 5074 ad
494 5019 623 5075 solitariae
636 5020 805 5077 dulcedinem
821 5022 892 5076 ritae.
909 5020 954 5076 Si·
1010 5020 1088 5076 ritrris
1111 5019 1238 5089 lacrymis
1259 5019 1357 5075 divitiae
1380 5017 1529 5088 supplicant
1556 5023 1763 5079 misericordiae
1779 5030 1799 5072 tt

164 5090 266 5144 mulata
281 5089 364 5161 igitur
384 5090 552 5155 intirmitatc,
571 5089 755 5146 Fulerarnnum
778 5090 953 5147 hortulanum
1010 5089 1092 5146 talem
1107 5098 1252 5159 praestaret
1263 5089 1329 5144 milri
1344 5087 1444 5152 rimm,
1459 5085 1538 5156 euius
1556 5092 1687 5149 consilio
1699 5093 1798 5150 etaari

164 5159 956 5231 rogarit,uteiqarotidieallcrreradicesquommdamcar·
1010 5160 1046 5216 lio
1058 5161 1145 5215 locum
1158 5159 1435 5222 istumcmendarem
1451 5168 1479 5214 et
1496 5172 1563 5228 quar
1579 5163 1800 5234 aasentbeopla
1829 5154 1837 5215 l

165 5228 280 5285 duorum
301 5245 369 5300 quos
380 5231 433 5287 eibi
444 5234 584 5287 asserebat
599 5230 695 5288 afferre
709 5230 852 5288 solutionis
871 5245 959 5287 rente·
1012 5232 1065 5285 cita
1080 5231 1274 5285 monachorum
1291 5229 1386 5285 usibus
1405 5229 1606 5286 instaurarem.
1631 5233 1671 5289 [it
1694 5236 1797 5306 quanm.

165 5297 960 5371 dium.llocautemiaciebat,utcorpussuuuaassuefaceret
1011 5302 1095 5356 irater
1107 5298 1270 5366 Lanlrance,
1285 5299 1337 5354 buc
1349 5309 1376 5354 tc
1387 5298 1459 5355 lleus
1476 5298 1616 5368 addrrxit,
1630 5318 1732 5373 preces
1748 5318 1798 5360 mes
1826 5342 1829 5347 .

166 5370 213 5426 tali
227 5371 326 5435 edulio,
345 5373 423 5441 quasi
439 5373 600 5444 disponebat
610 5372 701 5426 rivere
716 5373 742 5426 in
762 5387 863 5427 cronno.
890 5373 958 5428 Cum
1010 5370 1172 5426 lnrmilitatis
1184 5371 1326 5425 exauditas
1338 5370 1453 5425 credidi.
1466 5368 1524 5436 Ego
1541 5371 1570 5425 in
1587 5381 1618 5427 te
1634 5390 1709 5430 onos
1727 5389 1797 5429 mnu

164 5454 229 5511 ergo
237 5440 292 5510 jam
302 5455 401 5510 corpus
414 5451 441 5499 et
452 5445 750 5566 animumfraepararet
763 5441 897 5513 adingam
909 5459 958 5498 no
1003 5439 1161 5507 ¹transferre
1173 5441 1335 5510 cogitabam.
1351 5439 1408 5510 Ego
1422 5448 1448 5495 te
1461 5440 1549 5496 totius
1567 5445 1669 5501 orneris
1683 5446 1736 5501 mei
1753 5458 1797 5498 sar·

164 5522 267 5564 cturnac
282 5509 438 5580 elapsionis,
453 5512 564 5568 domino
592 5512 708 5568 lerluino
722 5514 811 5568 abbati
835 5513 900 5567 nildl
925 5514 958 5568 do
1010 5512 1099 5566 cirtam
1117 5519 1338 5582 supportatumm
1361 5509 1518 5581 sperabam.
1545 5510 1631 5570 Neine
1646 5518 1797 5583 anremlne·

164 5577 430 5660 baeresuspieauti,
445 5584 509 5638 dum
523 5584 549 5639 iu
565 5583 635 5638 lecto
661 5583 826 5652 quiesceret,
842 5585 958 5656 egregiae
1010 5582 1131 5654 scioqua
1144 5582 1178 5637 de
1190 5584 1282 5651 causa)
1301 5580 1365 5636 irino
1384 5579 1530 5638 discedere
1549 5598 1596 5640 me
1612 5585 1746 5642 derelicto
1762 5597 1795 5637 sa·

164 5647 264 5706 andolis
280 5648 357 5722 llugo
372 5665 450 5723 puer,
466 5653 513 5724 qui
535 5652 694 5724 nuperrime
706 5654 822 5722 obierat,
838 5653 866 5711 in
880 5663 955 5712 teste
1011 5654 1091 5724 tagis,
1104 5659 1132 5710 et
1142 5651 1297 5712 addenem
1310 5663 1425 5725 pergere
1435 5656 1526 5725 euplo.
1538 5652 1717 5717 hunnus
1733 5651 1797 5713 intel·
