3690 6008
94 203 146 259 ibi
263 200 295 256 S.
313 195 464 256 nossent}
483 190 658 252 conobro.
676 185 838 244 coutitur.
858 182 935 242 OPP.
954 179 1047 239 PARS
1062 179 1096 237 ll.
1121 208 1157 222 -
1173 175 1358 235 PARAENET.
1379 175 1424 232 ET
1444 172 1567 232 ASCET.

899 303 936 381 ΑΙ
973 302 1097 362 ιἐεειει,
1109 302 1137 350 ει
1147 306 1209 350 εεεε
1220 291 1285 348 iecit
1295 290 1360 346 illud
1371 305 1465 346 amore
1474 289 1545 360 qood
1558 297 1610 343 εει.

95 314 142 371 Sic
154 313 272 370 bominis
284 326 382 382 corpus
399 318 478 366 terrse
491 306 623 379 putrescit
637 304 664 359 in
681 301 743 358 elno
756 315 765 355 ι

94 404 214 476 Corpore
229 405 325 459 tubes:

96 494 225 566 Tulreque
238 497 340 551 vernus
352 511 360 546 :

98 586 195 640 l'errue
211 584 278 639 ciuis
294 582 345 637 bt:

97 675 211 731 Pulvere
226 682 309 726 terro.
396 661 398 665 ’

97 766 144 822 Sic
158 763 273 819 bominis
285 776 383 834 corpus
395 761 429 817 de
443 770 516 817 terro
532 768 617 814 matre
631 766 763 814 creetur:

96 856 144 912 Sic
154 853 272 910 bominis
282 869 381 924 corpus
393 852 421 908 in
436 860 537 908 terrum
549 849 728 920 regredietur.

97 944 169 1015 Ergo
181 943 265 999 tristis
276 944 357 998 borno
368 957 439 998 verm
449 941 564 997 rutiouis
574 941 682 996 bobeno

97 1041 151 1097 Cor
162 1040 336 1110 animumque
347 1048 433 1105 tuum,
447 1036 576 1093 mundum
588 1034 725 1107 fugiendo,
738 1032 855 1090 refrena.

99 1130 146 1187 Sic
158 1127 204 1187 tibi
214 1139 371 1202 perpetuum
384 1128 503 1184 nsttcisci
515 1128 602 1183 tritere
613 1127 706 1182 vitem.

337 1263 410 1320 bens
428 1278 508 1320 sotus
526 1275 661 1328 turonus,

293 1379 319 1434 in
330 1395 381 1450 quo
392 1388 415 1433 et
426 1394 457 1433 eu
468 1394 519 1449 qtto
530 1377 619 1431 outniu
630 1374 708 1431 dono.

100 1489 197 1548 Ouinio
209 1497 273 1545 snnt
284 1490 424 1544 bominum
437 1486 510 1543 tenui
523 1485 667 1558 pendentia
679 1484 735 1552 oto,

137 1582 170 1636 Et
181 1579 269 1636 subito
281 1594 345 1635 cusu
357 1593 418 1650 quise
429 1577 539 1634 valuere
550 1586 643 1633 ruunt.

100 1672 181 1729 Ludit
192 1671 218 1730 'ur
231 1670 357 1726 innormis
368 1669 456 1724 divino
469 1668 589 1738 potentia
601 1668 691 1735 rebus,

138 1762 172 1817 Et
182 1770 283 1818 certum
294 1775 414 1831 praesens
424 1760 470 1814 rix
478 1759 559 1815 hebet
570 1759 636 1815 bore
648 1759 739 1817 sudem.

105 1854 191 1922 Quium
204 1852 296 1919 nimis,
311 1860 338 1906 ει
353 1852 434 1909 nimis
443 1861 485 1909 cst
495 1851 638 1908 bominum
649 1853 833 1924 superomnia
845 1853 897 1910 mi·

783 1945 861 2011 'tem,

139 2034 173 2090 Et
183 2034 267 2089 verite
277 2032 476 2097 lucilern,velle
487 2035 682 2107 oegurepium.
784 1971 795 2020 ι

103 2126 162 2192 llis,
173 2138 289 2195 agnosco
300 2123 391 2194 pinml
403 2134 429 2180 te
440 2126 556 2196 respice,
568 2126 674 2197 respice
683 2124 749 2197 quid
759 2126 809 2194 sis,

139 2218 208 2286 Quid
222 2215 316 2283 lucris,
326 2216 390 2288 quid
401 2217 469 2285 eris,
480 2218 545 2289 quid
555 2232 631 2284 caro,
643 2226 729 2285 terra,
740 2216 829 2274 Densi

104 2309 207 2366 Coelnm
218 2307 274 2364 sole
285 2307 343 2377 tibi,
356 2307 396 2367 sol
407 2308 510 2364 iumine
520 2309 615 2378 servit,
626 2317 655 2366 et
664 2324 712 2366 uer

139 2402 273 2468 Flatibus,
285 2404 355 2457 undu
366 2401 434 2458 cibis
446 2411 572 2472 terrenus
584 2401 658 2461 mille
666 2403 757 2461 bonis.

103 2492 158 2550 Sed
178 2492 243 2564 quid
263 2493 310 2550 osi
328 2492 406 2550 Unde
427 2492 474 2549 tibi
494 2493 559 2565 quid
580 2493 676 2562 babes,
695 2495 760 2565 quid
780 2493 900 2567 praebetl

708 2583 866 2657 [utrumque

140 2673 242 2742 Sponte
258 2672 324 2729 iacit
339 2671 426 2744 pictas
441 2673 527 2731 dulcis
541 2684 569 2731 ει
581 2675 670 2748 utuplu
686 2675 744 2734 bei.

104 2766 176 2822 Fons
188 2767 257 2822 bons
268 2763 487 2836 nocumentum,
501 2767 560 2825 lons
571 2769 679 2826 nescius
688 2771 825 2835 evacuari,

140 2856 211 2912 Foris
222 2857 280 2912 sine
292 2855 345 2912 line
357 2865 460 2927 putens,
473 2867 502 2913 et
512 2857 571 2914 sine
581 2858 634 2916 bne
645 2859 729 2917 Deus.

105 2953 193 3009 Debes
205 2967 321 3023 nomque
331 2951 419 3008 scelus
431 2954 520 3009 metiri
532 2969 584 3009 non
596 2954 732 3013 brevitate

140 3043 292 3114 Temporis,
304 3043 351 3099 sed
362 3041 444 3098 debes
457 3043 595 3115 impietate
606 3043 659 3101 sui.

104 3131 192 3206 lisjor
202 3133 274 3190 euim
285 3133 410 3204 impietas
421 3148 474 3190 non
485 3143 539 3204 εει,
548 3149 632 3207 prtum
642 3151 773 3208 spernere
782 3137 866 3212 gratis

139 3223 241 3297 ipsum,
251 3223 297 3296 qiri
308 3225 394 3299 gratis
405 3226 522 3283 contulit
532 3243 592 3286 esse
604 3230 663 3286 tibi.

104 3316 155 3384 Qui
168 3317 214 3373 tibi
226 3327 252 3371 ιε
264 3317 387 3373 tribuens
396 3331 458 3373 sese
468 3319 602 3391 promisit,
613 3334 701 3392 eoqtte

139 3407 183 3462 Nil
194 3407 290 3463 babuit
300 3408 396 3464 melius
405 3423 489 3479 quotu
500 3411 578 3467 duret
587 3412 645 3483 ipse
656 3414 738 3471 Deus.

105 3499 401 3570 Quidquides,etqood
410 3500 503 3567 brebes,
512 3506 672 3577 etquodque
680 3505 901 3578 valebisbubere,

141 3590 210 3657 Quid
222 3599 311 3646 minen
323 3588 358 3645 sd
369 3590 496 3646 meritum
507 3601 572 3648 sunt
582 3592 663 3650 simul
674 3594 725 3651 istu
738 3595 802 3651 buil

106 3681 183 3738 iluue
194 3681 276 3753 igitur
285 3697 426 3752 spernens,
439 3697 553 3755 seseque
564 3699 614 3756 per
623 3687 714 3742 omnis
727 3687 845 3745 subdens

144 3774 278 3829 bennonis
288 3773 418 3843 obsequio
428 3783 529 3846 quanta
541 3784 660 3833 meretur
672 3777 771 3834 bombi

105 3866 183 3922 Adde
194 3865 264 3936 quod
277 3866 304 3920 in
315 3867 410 3922 vitium
421 3868 545 3939 quisquis
557 3868 630 3925 ruit:
645 3870 703 3941 ipse
714 3871 808 3928 ruendi

143 3959 247 4030 Supius
258 3959 353 4015 indicit
363 3968 440 4030 turpe
450 3975 565 4018 necesse
575 3963 637 4019 sibi.

107 4052 200 4109 Virtus
209 4053 282 4106 cuim
292 4052 370 4116 vitio,
382 4053 455 4109 uitiis
467 4053 497 4107 dt
507 4068 602 4111 servus
615 4073 622 4109 r
635 4066 663 4111 ct
674 4057 700 4111 iu
712 4071 742 4113 se

143 4143 200 4200 Non
212 4144 293 4199 babet
303 4143 452 4200 admissum
464 4144 570 4201 solvere
581 4160 661 4217 posse
671 4163 761 4205 strum.

107 4233 179 4305 Ergo
190 4233 323 4304 perpessi
334 4235 448 4291 rieberer
458 4248 538 4304 poeno
549 4251 672 4305 necesse,

143 4323 193 4392 Qui
205 4324 256 4379 sibi
268 4324 398 4394 peccandi
410 4334 506 4397 sponte
516 4339 637 4397 perenne
647 4327 721 4385 lucit.

107 4414 200 4471 Gratia
214 4415 323 4471 tollatur
334 4432 386 4471 uon
399 4417 490 4473 debita
502 4433 509 4473 ε
520 4431 602 4490 poena
614 4431 743 4490 sequetur

144 4506 249 4573 Debita,
263 4522 387 4578 morsque
400 4525 536 4579 premens,
548 4520 575 4566 et
585 4511 644 4568 sine
655 4512 708 4568 line
720 4528 844 4570 monens.

109 4596 311 4667 optandaue
323 4601 413 4666 «lectis,
425 4617 505 4671 qurum
518 4617 581 4658 reru
594 4605 723 4676 potentio,
736 4606 824 4676 qualis

145 4688 246 4754 Gloria,
259 4706 340 4760 qrtorn
351 4691 457 4748 stabilis
468 4704 598 4764 «prestus,
608 4711 701 4752 umere
713 4696 812 4752 Deum!

110 4779 175 4848 Ejus
186 4794 281 4835 uniens
291 4779 427 4837 Abrabam
438 4783 497 4854 pins
508 4786 614 4844 civibus
624 4788 734 4860 hospes,
744 4797 854 4847 etunus

146 4871 209 4926 Plus
220 4871 317 4944 populo
328 4872 414 4940 miles,
427 4874 487 4946 plus
497 4877 534 4933 itu
545 4893 608 4949 rege
618 4889 718 4950 potest.

112 4963 178 5020 ilum
191 4964 277 5021 uirtus
288 4966 315 5021 in
327 4980 419 5022 eruore
429 4967 488 5037 Dei,
501 4984 646 5041 rerumque
657 4987 776 5043 perenne

1683 171 1739 247 ros

940 388 1011 444 ltere
1021 395 1063 443 εει
1073 386 1131 458 ipse
1140 385 1261 457 quidem,
1272 383 1319 454 qui
1330 390 1472 452 permanet
1483 395 1553 436 unus
1563 388 1591 435 ει
1602 377 1676 434 idem

942 574 1008 631 Esse
1019 575 1100 630 babes
1109 582 1254 638 eternum,
1265 572 1324 627 sine
1334 570 1480 642 principio,
1490 569 1550 625 sine
1561 567 1625 633 dne,

977 665 1092 736 Semper
1102 663 1184 728 idem,
1196 664 1219 719 si
1230 663 1292 733 quis
1303 676 1396 718 umore
1406 663 1507 718 studet.

942 754 972 811 Si
984 770 1037 810 noo
1049 764 1104 811 tam
1115 754 1242 821 solidum,
1253 754 1369 811 solidum
1381 763 1471 809 tomen
1482 766 1543 808 esse
1554 762 1676 806 ureretur
1689 769 1698 805 ε

977 845 1046 902 Nom
1057 846 1181 918 sequitur
1192 847 1275 901 ritum
1285 847 1340 902 vitu
1351 847 1430 901 beuta
1441 845 1550 900 ironam.

943 938 1048 996 Cetera
1058 938 1082 994 si
1091 947 1207 1010 spectes,
1219 953 1301 1008 quom
1313 937 1368 993 sint
1377 934 1458 1004 nibil,
1468 934 1561 990 omnis
1573 933 1637 989 dois

979 1028 1091 1094 lndicut,
1103 1028 1244 1101 Assyrium
1256 1027 1377 1094 consule,
1389 1027 1469 1082 testis
1479 1027 1568 1082 odcst.

944 1118 1008 1176 lloee
1020 1118 1084 1191 qrtid
1099 1119 1198 1186 bonos,
1211 1118 1276 1190 quid
1290 1133 1364 1189 opes,
1381 1117 1447 1189 quid
1462 1117 1560 1181 iormu,
1573 1116 1639 1185 quiid
1654 1128 1744 1180 ormo,

1493 1207 1570 1282 [quid
1586 1206 1709 1279 auriplum

981 1302 1125 1374 deuincat
1135 1299 1297 1370 imperium?
1306 1299 1378 1370 lusit
1387 1313 1492 1356 amasse
1505 1300 1600 1356 beum.

923 1439 928 1447 .
946 1392 1000 1452 Sed
1011 1394 1073 1465 quia
1084 1407 1148 1449 rem
1159 1391 1232 1448 salus
1244 1393 1315 1448 Deus
1325 1402 1377 1459 εει,
1390 1401 1418 1448 ει
1427 1407 1519 1447 onrore
1531 1402 1661 1459 tenetur,

982 1486 1084 1557 Erpeto
1095 1494 1205 1556 propter
1214 1498 1286 1547 euru,
1299 1498 1347 1538 vos
1358 1491 1388 1538 ut
1399 1483 1495 1539 ametis
1506 1498 1579 1538 eum.

948 1577 1051 1648 Dignus
1061 1585 1089 1633 ει
1099 1577 1156 1647 ipse
1166 1576 1274 1646 quidem
1286 1583 1328 1631 εει
1338 1586 1368 1631 ut
1379 1583 1485 1631 ororetur
1502 1592 1509 1628 :
1527 1572 1644 1629 emendo
1654 1572 1747 1630 scietis

911 1677 935 1737 n
984 1669 1050 1737 Quis
1061 1667 1176 1734 iructns,
1189 1666 1250 1736 quis
1260 1667 1358 1731 bonos,
1370 1665 1433 1736 quid
1445 1667 1481 1721 sit
1491 1679 1583 1721 amare
1595 1664 1695 1719 Dentur

949 1761 1042 1817 Virtus
1053 1773 1117 1815 vero
1128 1756 1223 1823 Deum,
1236 1755 1278 1813 rel
1290 1757 1345 1811 vito
1359 1765 1479 1811 moretur
1490 1756 1620 1820 brrnesta3

983 1851 1069 1921 Quale
1081 1851 1192 1917 bonum,
1203 1849 1275 1920 quod
1286 1849 1324 1904 sit
1335 1862 1443 1918 semper
1453 1862 1546 1904 umere
1558 1847 1656 1902 bcum.

948 1943 1035 2014 Quom
1047 1941 1109 2014 pios
1119 1949 1172 2009 εει,
1185 1955 1267 2012 quum
1281 1947 1423 2011 promptus
1433 1941 1519 2006 udest,
1531 1952 1614 2011 quem
1628 1935 1748 2006 denique

1572 2028 1713 2102 [prodess,

983 2125 1073 2198 ipsum
1088 2123 1213 2198 quisquis
1227 2132 1309 2190 amat,
1326 2124 1370 2180 bic
1385 2137 1462 2194 muge
1476 2136 1557 2177 nosse
1571 2127 1671 2191 potest.

949 2216 979 2274 st
994 2226 1021 2273 te
1033 2215 1105 2272 luctu
1119 2216 1217 2272 docent
1232 2214 1334 2280 aliena,
1347 2215 1453 2294 doceris
1466 2213 1581 2268 honeste

984 2307 1135 2379 Concipere
1149 2305 1255 2362 meritis
1269 2320 1380 2377 sperove
1394 2314 1530 2361 metumve
1545 2303 1611 2360 tuis.

948 2396 1072 2471 Oquulis
1082 2397 1191 2469 jucturu
1205 2395 1261 2453 lico
1276 2409 1434 2469 proponere
1447 2395 1613 2466 quidquoru;

985 2492 1070 2560 Quem
1089 2493 1159 2548 bene
1175 2491 1199 2547 si
1212 2490 1278 2562 {quis
1297 2491 1392 2557 buben
1409 2481 1591 2560 quaeso,'quid
1606 2493 1668 2553 εει,
1684 2483 1750 2556 quiid

1600 2576 1715 2651 [hebeti

949 2673 1018 2731 Num
1030 2673 1053 2731 si
1064 2687 1163 2746 magna
1175 2672 1255 2744 petis,
1269 2672 1404 2739 bessem,
1416 2669 1601 2743 superomnia
1615 2681 1728 2741 magnus
1740 2682 1758 2749 :—

986 2767 1016 2825 st
1029 2767 1111 2832 bonu,
1126 2780 1210 2836 quam
1223 2765 1311 2822 bonus
1325 2773 1368 2821 εει
1380 2765 1471 2821 dicere
1486 2776 1566 2817 nenio
1580 2769 1681 2831 potest.

950 2859 981 2916 Si
995 2857 1118 2930 specioso
1132 2855 1220 2928 cupis,
1234 2855 1296 2926 quis
1311 2870 1344 2912 eo
1358 2855 1524 2926 speciosior?
1540 2853 1625 2925 Optas

985 2949 1090 3006 Forsan
1104 2961 1180 3020 opes,
1196 2948 1242 3005 det
1256 2962 1332 3018 opes,
1348 2947 1423 3004 dines
1436 2957 1464 3002 ει
1478 2947 1536 3020 ipse
1550 2954 1654 3031 manet.

913 3022 937 3087 C
952 3043 981 3104 Si
995 3053 1022 3102 ιε
1034 3043 1107 3102 celso
1118 3041 1225 3113 jurant,
1239 3056 1441 3114 generosaque,
1458 3055 1538 3111 qurum
1552 3053 1716 3110 generosus,

986 3135 1109 3206 Quamne
1123 3136 1159 3194 sit
1171 3136 1294 3193 excelsos
1307 3150 1388 3191 nemo
1403 3135 1506 3190 relerre
1519 3140 1618 3205 potest.

951 3232 1037 3300 Quem
1049 3232 1073 3288 si
1086 3229 1156 3291 iorte
1167 3238 1266 3301 potens
1277 3228 1354 3299 iuret
1367 3238 1395 3287 ct
1407 3231 1484 3302 pius,
1498 3243 1562 3286 ecce
1575 3237 1699 3300 potestas

987 3325 1056 3382 ilinc
1068 3323 1125 3394 pia,
1138 3337 1186 3380 seu
1201 3323 1289 3394 pietas
1301 3332 1343 3379 εει
1357 3324 1416 3379 siue
1430 3323 1483 3379 dne
1497 3333 1592 3394 puteus
1608 3339 1616 3377 ι

951 3414 1021 3483 Quid
1033 3413 1139 3471 moresl
1152 3414 1209 3486 ipse
1221 3413 1287 3485 poli,
1300 3423 1388 3479 terroe,
1402 3413 1485 3470 muris
1497 3421 1604 3481 auctor,
1616 3421 1645 3470 ει
1656 3411 1749 3469 omnia

986 3505 1064 3575 Quod
1077 3504 1139 3574 luit,
1152 3514 1204 3575 est,
1219 3515 1248 3564 ει
1261 3506 1323 3570 erit,
1340 3513 1443 3578 perstet
1455 3505 1532 3576 origo
1546 3505 1620 3562 boni.

951 3595 1020 3654 lloie
1035 3594 1183 3665 famulans,
1199 3612 1300 3668 parens
1315 3597 1470 3653 dominetur
1485 3595 1632 3662 llebraeus3

987 3690 1087 3757 Servit,
1104 3699 1132 3747 ει
1145 3699 1187 3746 εει
1201 3690 1285 3756 liber;
1300 3690 1433 3754 subdimur,
1449 3698 1546 3758 estque
1561 3694 1682 3758 potens:

951 3783 1001 3839 Cui
1018 3782 1097 3840 subdi
1114 3780 1231 3854 lugiens,
1250 3781 1358 3838 Satnnae
1373 3781 1443 3836 mule
1460 3780 1595 3846 subditur,
1615 3777 1687 3833 hosti

987 3874 1129 3940 Subditur,
1145 3883 1173 3929 et
1188 3874 1262 3929 vitiis
1279 3873 1402 3929 subditur
1418 3870 1577 3928 innumeris.

952 3964 1072 4021 Tandem
1087 3979 1153 4021 vcro
1165 3965 1259 4021 ridens
1272 3979 1326 4035 quo
1341 3963 1431 4034 lapsus
1444 3973 1471 4019 ει
1486 3964 1556 4020 unde
1570 3963 1681 4030 luisses,

988 4059 1101 4115 Pectora
1118 4072 1246 4115 curarum
1263 4057 1399 4114 morsibus
1412 4071 1484 4128 eger
1496 4068 1565 4122 erut,

953 4149 1090 4221 blultuque
1105 4150 1222 4206 solventi
1237 4153 1372 4206 sententis
1388 4152 1458 4206 sedit
1472 4149 1576 4222 asylum

987 4240 1085 4314 Lopsis
1099 4243 1274 4314 querendum
1290 4239 1397 4298 fortiter
1412 4258 1473 4299 esse
1489 4243 1583 4298 berum.

918 4330 1056 4428 „sieque
1067 4347 1230 4402 reus,quem
1243 4331 1322 4398 lusit,
1331 4340 1409 4400 ovet3
1422 4347 1502 4402 quem
1515 4338 1667 4403 spreverat,
1676 4339 1753 4401 orut;

991 4424 1077 4492 Quem
1091 4423 1169 4496 fugit,
1184 4424 1300 4496 reperit;
1314 4439 1395 4493 quem
1411 4424 1579 4495 reprobarat,
1594 4431 1681 4478 amat.

955 4515 1033 4573 Hisne
1046 4517 1152 4587 repetit,
1166 4517 1326 4586 veniamque
1338 4516 1416 4587 petit,
1430 4517 1464 4572 de
1476 4517 1590 4572 crinrinc
1601 4515 1706 4575 lictum.

993 4611 1031 4667 lle
1043 4612 1142 4682 piemte
1155 4610 1212 4681 spei
1226 4611 1323 4681 gsudiu
1337 4610 1420 4664 multu
1434 4611 1517 4681 cupit.

957 4705 989 4760 Et
1004 4702 1068 4774 quiid
1083 4703 1116 4758 ud
1130 4703 1187 4757 huc
1200 4701 1312 4759 dulcedo
1325 4703 1447 4773 placens,
1460 4702 1574 4759 dulcedo
1587 4702 1735 4774 perennis;

993 4793 1085 4850 Dulcis
1099 4793 1245 4864 disponens
1259 4793 1354 4850 ordine
1370 4804 1466 4851 cuncto
1483 4795 1562 4851 Dens.

959 4884 1029 4953 Quid
1043 4885 1155 4942 dulcedo
1169 4895 1276 4956 potens,
1290 4886 1431 4957 dulcisque
1446 4887 1565 4958 potentio
1581 4885 1665 4946 lecitl

996 4975 1073 5046 Quod
1087 4977 1156 5033 solet
1169 4983 1225 5033 istoc
1241 4977 1313 5047 lucil,
1329 4978 1374 5035 dut
1391 4978 1414 5034 ie
1430 4978 1515 5036 dtlcis
1529 4979 1595 5051 ugit.
