3690 6008
48 258 100 312 iii
719 247 982 306 ttebtlattortes.
1625 251 1679 310 778

49 366 117 437 ejus.
145 365 233 434 Super
257 363 425 420 altitudinem
451 363 596 430 coelorunr,
624 377 705 434 super·
731 378 840 419 onmem
855 370 879 429 ,ι
893 362 1018 432 gaudium
1037 360 1119 425 sit,o
1140 359 1235 425 llaria,
1260 359 1394 430 uirginum
1416 359 1491 431 utrqo
1517 361 1681 433 singularis,

49 457 236 515 excellentiam
253 458 426 527 augelorum,
451 457 558 527 propria
583 456 683 511 virtute
705 457 837 522 aseendit,
891 469 952 509 resa
967 453 1069 508 coelicae
1083 452 1259 518 amoenitatis,
1273 451 1446 522 prelucidum
1461 451 1536 508 sidus
1548 453 1619 510 inter
1630 457 1685 525 pri·

49 566 130 621 super
147 549 242 604 solium
257 549 403 619 singularis
419 548 510 620 glorie
524 549 549 603 iu
565 549 662 604 dextra
680 546 781 614 Patris,
795 548 839 604 cui
890 559 991 599 maras
1012 545 1137 600 lucernas
1155 543 1238 599 divini
1263 542 1373 598 luminis
1395 545 1572 615 susceptivas.
1586 544 1615 600 ln
1637 554 1684 602 tuo

50 649 200 697 coaeternus
213 649 241 694 et
260 639 499 695 consubstantialis
514 639 600 705 sedet,
618 646 646 693 ιι
665 638 756 693 divino
769 638 839 693 artri·
890 639 954 696 lesu
968 638 1022 694 lilio
1036 638 1194 694 dulcissimo
1209 638 1264 695 sola
1281 653 1336 708 prae
1347 637 1472 693 omnibus
1487 638 1573 709 gaude
1585 640 1686 712 gaudio

50 744 110 791 etus
123 733 233 797 lauriae,
249 743 396 788 coronatus
419 731 505 802 pluria
527 740 554 787 et
576 731 688 797 honoro,
712 738 742 785 ιι
763 729 841 786 decet
892 746 999 802 magno,
1012 731 1075 802 quia
1093 745 1173 800 quem
1196 737 1225 784 ut
1242 731 1379 785 bominem
1402 729 1544 800 peperisti,
1563 737 1591 786 et
1623 745 1687 802 pro·

51 822 226 893 llrrigenitum
239 822 298 887 bei,
314 837 425 878 serenus
440 822 467 877 in
484 821 587 887 laetitia,
606 820 701 891 plenus
715 820 840 890 omnipo·
892 823 959 894 priis
970 822 1098 878 uberibus
1118 821 1253 886 enutristi,
1270 822 1355 892 ipsum
1380 836 1441 877 cum
1455 821 1558 892 angelis
1578 829 1607 876 ιι
1625 821 1685 876 uni·

51 924 166 981 tentatu,
188 915 318 970 Dominus
342 915 369 969 in
391 914 460 970 coele
474 921 502 968 et
523 913 549 967 in
572 923 653 968 terra.
674 913 711 967 lbi
727 914 842 968 adorant
891 912 978 967 uersis
992 911 1096 968 ciuibus
1107 910 1168 966 coeli
1186 910 1283 966 adoras
1296 919 1325 965 ut
1337 912 1421 966 Deum
1439 912 1529 967 vivum
1541 922 1568 968 et
1580 927 1685 968 uerum.

50 1022 111 1061 eum
123 1022 217 1062 omues
231 1007 317 1077 angeli
331 1007 389 1073 bei,
403 1015 431 1061 et
445 1006 570 1062 universa
585 1005 729 1060 multitudo
742 1005 841 1059 civium
892 1005 997 1070 Gaude,
1010 1003 1073 1059 felix
1091 1012 1190 1070 mater,
1207 1005 1269 1074 quia
1288 1019 1367 1074 quem
1388 1005 1478 1061 uidisti
1499 1005 1526 1059 in
1539 1004 1611 1077 liguo
1622 1020 1686 1061 cru-

51 1094 169 1151 coelestis
185 1096 260 1150 Sion.
276 1095 304 1150 Ιι
326 1097 383 1166 ipso
396 1096 562 1150 trnarrirniter
581 1094 708 1149 laetantur
721 1095 841 1151 anutium
894 1095 934 1150 cis
957 1095 1131 1164 pendentem,
1147 1094 1223 1151 uides
1241 1095 1267 1149 in
1291 1095 1361 1150 coelo
1377 1105 1534 1165 regnantem
1553 1111 1614 1152 eum
1630 1095 1688 1168 glo-

50 1185 144 1248 eorda,
163 1184 264 1251 ineius
284 1184 454 1239 desiderabili
473 1183 540 1238 latete
555 1194 701 1254 pascuntur
721 1183 842 1238 onmium
895 1186 933 1241 ria
958 1201 1063 1256 magna,
1085 1187 1159 1242 uides
1182 1202 1290 1242 omnem
1317 1186 1485 1242 altitudinem
1512 1188 1685 1253 caelestium,

51 1276 121 1332 eerrli
136 1276 318 1333 bonorumlu
334 1278 419 1345 ipsum
432 1274 846 1345 utnliqneconlluuutdesideria
895 1277 1288 1344 terrestriurn,etinlernorum
1301 1278 1687 1351 majestatiejustnctlnatam,
1722 1276 1728 1286 '

52 1368 173 1422 onmium
200 1376 373 1437 saqctorum,
402 1367 451 1437 ipsi
475 1367 589 1436 jubilat,
617 1367 666 1437 ipsi
696 1365 843 1436 applaudit,
895 1379 922 1424 et
941 1382 1022 1424 omne
1044 1369 1127 1423 robur
1152 1367 1323 1423 inimieorum
1347 1368 1405 1436 ejus
1429 1371 1562 1425 attritum.
1584 1369 1689 1426 Gaudia

53 1458 142 1528 ipsum
165 1458 319 1528 magnificat
339 1466 393 1517 teta
409 1459 519 1514 urauiea
540 1459 646 1521 civitas,
666 1457 782 1530 gloriosa
798 1473 846 1529 per
896 1459 1056 1532 gaudiorum
1077 1468 1139 1514 sunt
1162 1458 1226 1525 tibi,
1244 1460 1333 1514 omnis
1353 1459 1492 1531 plenitudo
1516 1471 1686 1529 sanctorum,

52 1565 161 1606 omnem
177 1552 284 1606 modum
302 1551 328 1604 in
343 1549 531 1619 splendoribus
544 1551 610 1621 ejus.
896 1553 975 1609 beata
1000 1550 1168 1606 Hierusalem
1193 1560 1280 1605 mater
1305 1561 1414 1617 nostra,
1428 1569 1489 1623 quae
1511 1569 1617 1609 sursum
1630 1569 1660 1610 es
1680 1573 1686 1608 :

90 1640 203 1696 Exsulta
221 1650 244 1695 et
260 1641 351 1706 laada,
368 1641 494 1696 deliratio
516 1641 592 1707 Sion,
610 1641 672 1719 quia
690 1657 800 1713 mappas
819 1641 846 1697 ln
898 1643 1069 1700 festivitatem
1086 1657 1134 1714 age
1148 1642 1340 1710 laetabundam,
1352 1656 1387 1702 -ιι
1399 1644 1595 1703 indesinentem
1609 1648 1636 1703 in
1651 1648 1691 1703 ui-

55 1733 140 1787 raedio
164 1733 202 1787 tui
221 1743 327 1787 sanctuar
346 1731 433 1786 lsrael
451 1731 519 1802 (ιιι.
535 1749 583 1801 ιιι,
599 1732 638 1804 6).
661 1731 801 1788 assultare
819 1734 848 1788 iu
864 1710 885 1768 Β
899 1736 975 1791 sione
987 1733 1099 1805 paeiltca
1115 1734 1152 1789 tui
1170 1732 1234 1790 lesu
1254 1736 1388 1794 libertatis
1407 1746 1458 1795 tuae
1470 1740 1600 1806 elucteris.

55 1821 138 1876 nubili
155 1822 209 1876 lulio
225 1832 325 1888 uestro,
338 1837 386 1877 uos
399 1822 517 1885 illustres
530 1823 701 1892 patriarcba,
719 1824 782 1894 quia
797 1823 849 1877 irn-
935 1827 968 1882 Et
979 1838 1006 1882 tu
1021 1845 1092 1887 nune
1107 1847 1214 1887 rursum
1229 1830 1346 1895 elevare,
1365 1830 1454 1884 anima
1471 1846 1539 1894 mea,
1558 1830 1629 1901 quali
1644 1846 1693 1902 po·

55 1912 126 1981 pleta
142 1920 185 1966 est
201 1913 231 1986 iu
245 1927 277 1969 ee
290 1914 378 1968 emitis
392 1914 560 1983 exspectatio
574 1923 673 1981 vestra,
687 1923 715 1969 et
729 1914 786 1984 ipse
802 1929 844 1969 su·
901 1928 941 1974 tes
954 1931 1063 1988 conatu,
1079 1931 1108 1979 et
1123 1925 1226 1980 sanctis
1242 1932 1268 1977 te
1285 1922 1378 1993 ingere
1397 1920 1516 1976 millibus
1540 1921 1689 1978 laetantium

58 2005 147 2060 blimis
161 2014 201 2061 est
217 2006 304 2072 ualde,
318 2015 341 2059 et
357 2005 541 2061 bertedicentur
554 2008 581 2059 in
594 2007 661 2076 ipso,
673 2017 764 2061 uestra
775 2007 848 2062 uide·
900 2010 927 2065 in
944 2011 1057 2068 Domino
1079 2011 1154 2069 lesu.
1173 2013 1238 2068 lllue
1260 2012 1322 2066 iudei
1334 2019 1362 2066 et
1383 2011 1440 2081 spei
1458 2010 1583 2067 ucbieulo
1597 2027 1691 2083 perge,

57 2095 121 2150 licet
143 2098 254 2158 semiue,
279 2113 366 2151 omnes
381 2107 484 2168 pentae·
502 2097 542 2152 sic
562 2096 635 2151 enim
656 2097 793 2167 pollicitus
808 2107 849 2153 est
900 2098 936 2154 ibi
951 2115 999 2170 per
1020 2102 1161 2158 charitatis
1176 2104 1302 2158 ardorem
1323 2115 1500 2168 conversare,
1514 2103 1560 2157 abi
1572 2100 1692 2157 Clniatar

57 2200 147 2269 sermo
159 2186 277 2240 diuinus:
287 2185 408 2242 Gaudete
419 2187 445 2240 in
460 2185 523 2242 iesu
536 2188 667 2259 propbeta
680 2203 788 2260 magno,
801 2205 849 2245 vos
900 2202 936 2245 est
947 2192 975 2246 ιἰι
984 2193 1091 2248 dealem
1101 2177 1151 2249 Dei
1166 2195 1258 2250 sedeur
1268 2192 1381 2266 (Colore.
1394 2191 1477 2264 ιιι).
1496 2193 1606 2249 intende
1617 2209 1693 2250 men·

55 2277 195 2347 propbetas
207 2276 257 2330 uiri
272 2291 392 2341 ιιιιιιι,
415 2278 477 2346 quia
494 2277 608 2334 mirillee
622 2286 649 2333 ιι
665 2278 782 2350 gloriose
797 2280 848 2335 im·
901 2283 936 2338 tis
946 2284 1054 2341 oculum
1069 2286 1097 2342 in
1109 2286 1210 2342 lumine
1235 2285 1322 2341 uultus
1335 2283 1403 2354 ejus.
1417 2283 1515 2341 Lustra
1527 2300 1559 2341 ae
1577 2286 1691 2341 deoscu-

56 2368 128 2439 pleta
154 2368 249 2423 ridetis
271 2368 371 2436 omnia,
396 2384 456 2438 quae
480 2369 513 2424 de
539 2369 596 2440 ipse
619 2372 800 2428 annuntiastis
823 2374 849 2429 in
901 2373 957 2431 lare
979 2375 1175 2447 gratulabunda
1199 2376 1343 2433 deuotione
1366 2374 1470 2447 singula
1490 2372 1548 2433 loca
1572 2376 1692 2432 lelieium

57 2460 161 2532 Spiritu
176 2471 282 2527 sancte,
298 2470 326 2516 et
346 2461 440 2516 ildeles
455 2463 558 2517 inuenti
572 2463 638 2519 estis
652 2463 802 2535 peripsum
822 2465 848 2519 in

56 2553 162 2609 cunctis
177 2554 347 2608 sermonibus
360 2555 465 2610 restris.
482 2553 603 2612 Gaudete
616 2556 642 2610 in
658 2558 771 2614 bonrino
784 2558 849 2615 lesu

58 2645 187 2714 anaqistro
209 2654 310 2711 uestro,
334 2660 384 2700 ιιι
407 2645 498 2718 inclyti
522 2663 648 2719 proceres
673 2649 750 2716 coeli,
778 2651 849 2707 beati

58 2734 182 2806 apostoli,
207 2736 320 2804 gaudete
338 2736 365 2791 in
389 2738 457 2807 ipse,
473 2746 501 2792 et
524 2739 620 2793 itemm
643 2739 714 2807 dieo,
737 2741 850 2811 gaudete

900 2467 1039 2538 plagarum
1064 2467 1133 2539 ejus,
1148 2470 1181 2526 de
1197 2469 1297 2540 quibus
1319 2467 1421 2538 egrossi
1445 2475 1510 2522 sunt
1528 2468 1638 2538 pretiosi
1652 2467 1691 2523 illi

901 2555 1019 2628 liquores
1031 2559 1170 2630 sanguinis
1193 2559 1290 2624 saneti,
1304 2573 1358 2631 quo
1378 2565 1404 2611 te
1419 2556 1581 2627 appretiavit
1597 2571 1692 2628 umge-

901 2647 974 2704 nitus
986 2646 1044 2714 Dei,
1055 2657 1082 2704 ιι
1096 2649 1276 2706 sanctificavit
1293 2664 1321 2711 m
1340 2648 1423 2703 tilam
1447 2655 1589 2704 aternam.
1614 2645 1690 2714 lesu,

901 2744 946 2809 qui
966 2756 1020 2795 nen
1039 2750 1112 2796 amat
1134 2752 1169 2806 te,
1195 2740 1343 2797 anathema.
1352 2739 1395 2795 sit.
1415 2737 1467 2806 Qui
1488 2749 1514 2794 ιι
1530 2753 1582 2794 uon
1609 2747 1692 2805 amat,

58 2849 119 2889 cum
135 2834 243 2889 Christo
261 2833 384 2889 familiari
406 2833 508 2890 laetitia.
529 2834 598 2890 Ecce
612 2835 685 2891 enim
712 2851 792 2906 quem
808 2836 849 2892 ri·
902 2833 1129 2893 amaritudiuibus
1143 2833 1286 2904 repleatur.
1299 2829 1398 2887 Castus
1409 2839 1451 2887 ιιι
1462 2845 1540 2886 amor
1554 2839 1625 2898 ιιιι,
1640 2828 1694 2886 llo-

58 2929 137 2985 distis
154 2930 179 2984 in
198 2931 286 2985 medio
299 2930 381 2984 uestri
401 2930 565 2986 esurientem
582 2935 610 2985 ιι
628 2930 774 3000 sitientem,
789 2931 851 2987 sati·
902 2929 985 2995 mine,
997 2936 1024 2983 et
1040 2925 1106 2982 nibil
1131 2921 1296 2994 impuritatis
1310 2921 1437 2977 admittit.
1454 2920 1569 2978 Sobrius
1586 2930 1629 2977 est
1649 2936 1693 2978 sa⁴

58 3029 161 3092 patrum,
177 3030 204 3076 et
226 3021 259 3075 lis
277 3020 376 3076 similia
401 3020 492 3077 carnis
507 3019 616 3075 lnlrrma
640 3020 798 3078 tolerantem
816 3023 886 3114 abc
902 3016 1065 3090 peremeris
1080 3015 1129 3080 lui,
1146 3024 1174 3069 et
1196 3012 1296 3068 nullam
1321 3011 1585 3067 mildeltunensis
1607 3019 1691 3066 recto·

57 3112 185 3166 onmibus
200 3111 349 3181 reprobari,
363 3120 390 3167 et
406 3126 466 3166 cum
481 3110 622 3168 sceleratis
640 3112 771 3181 reputari,
783 3128 850 3184 quo-

59 3200 139 3255 medo
151 3200 226 3264 uicit,
240 3201 375 3271 quomode
388 3210 493 3274 regnat,
504 3201 641 3273 quomode
655 3202 680 3257 ei
694 3203 784 3258 omnia
799 3202 851 3260 sub

58 3289 171 3359 pedibus
185 3299 258 3357 sunt,
271 3308 351 3362 quam
364 3293 496 3365 gloriosus
511 3292 538 3347 in
551 3307 601 3348 suo
616 3292 735 3349 dominio
750 3293 851 3351 lumine

59 3381 153 3453 fulget,
166 3390 194 3436 et
214 3382 256 3437 sui
270 3384 371 3455 gaudie
386 3400 441 3456 suae
456 3383 651 3455 ineffabilisque
667 3384 759 3457 gloriae
779 3400 850 3444 nunc

59 3486 108 3526 ιιι
122 3472 211 3527 socios
224 3473 315 3537 babet,
331 3474 377 3544 qui
392 3474 455 3529 elim
467 3475 656 3543 permansistis
670 3490 731 3530 eum
751 3477 808 3547 ipso
823 3478 850 3533 in

60 3563 256 3617 tentationibus
278 3564 350 3631 suis,
376 3574 404 3617 ιι
428 3565 601 3620 vexationum
629 3565 687 3635 ejus
710 3576 850 3625 consortes

59 3653 159 3708 fuistis.
183 3654 300 3709 adorate
315 3669 386 3709 nuuc
400 3654 489 3711 dulcia
503 3655 546 3710 illa
563 3672 650 3727 genua
666 3672 725 3728 quae
742 3673 771 3713 se
786 3675 849 3713 cur·

59 3756 193 3799 raserunt
204 3754 267 3800 ante
279 3760 326 3800 ιιι
338 3760 422 3816 usque
435 3745 470 3802 ad
480 3755 591 3813 terram,
603 3748 759 3804 sedentibus
774 3750 850 3806 vobis

60 3838 95 3893 ad
108 3839 306 3894 sanctissimam
321 3854 438 3896 coeruarn.
453 3839 570 3898 adorate
581 3856 652 3897 nune
666 3852 851 3900 sacrosanctas

60 3931 120 3986 illas
136 3946 241 3996 rnanus,
255 3932 353 4000 quibus
366 3932 503 4002 puluerem
516 3933 614 4003 pedum
628 3943 778 3990 uestrorum
793 3933 851 3990 ilex

61 4038 154 4094 regum
171 4023 260 4078 lature
274 4032 301 4079 ιι
320 4033 463 4094 extergere
481 4024 605 4096 diguatus
619 4033 670 4081 est.
685 4023 806 4084 Gaudete
823 4028 850 4083 in

60 4111 136 4178 lesu,
154 4116 275 4185 principe
291 4115 394 4171 militiae
410 4125 515 4183 vestrae,
540 4132 587 4173 ιιι
612 4128 746 4190 martyres
768 4119 851 4175 sicto·

901 3109 999 3165 Stravis
1014 3116 1055 3164 ιιι
1075 3120 1152 3162 amor
1166 3114 1238 3169 tuus,
1248 3114 1275 3159 et
1292 3105 1359 3160 nibil
1373 3104 1453 3160 babet
1466 3103 1551 3158 amari
1569 3117 1652 3156 :naut
1665 3111 1693 3156 ιι

901 3217 962 3273 ιιι
978 3213 1071 3256 antara
1090 3206 1154 3254 sunt
1179 3195 1284 3260 mundi,
1310 3195 1445 3262 indoleam
1463 3202 1490 3250 ιι
1509 3192 1596 3249 dulcia
1612 3193 1692 3264 ejus,

901 3293 991 3349 reddit
1013 3305 1117 3347 amara.
1137 3289 1211 3345 later
1224 3289 1363 3360 angustias
1375 3296 1432 3344 nou·
1442 3295 1609 3351 coaretatur,
1622 3286 1694 3341 inter

901 3398 1043 3455 pressuras
1060 3396 1114 3437 ιιι
1137 3380 1326 3451 comprimitur
1338 3397 1346 3445 ;
1358 3395 1409 3435 nou
1431 3378 1500 3449 perit
1515 3378 1566 3432 sub
1590 3375 1692 3446 inopia,

901 3488 954 3530 non
982 3483 1100 3530 rtroerere
1131 3471 1312 3528 contrabitur.
1336 3470 1364 3526 ln
1395 3470 1535 3526 laboribus
1563 3482 1692 3523 manuum

900 3562 1072 3633 equanimis,
1088 3561 1263 3617 interminas
1282 3575 1405 3627 securus,
1425 3561 1497 3614 inter
1508 3558 1693 3615 blandimenta

901 3655 1083 3722 incorruptus,
1104 3653 1174 3707 inter
1192 3660 1327 3708 tormenta
1347 3659 1503 3722 perseverat
1521 3649 1649 3713 inuictus,
1665 3649 1694 3704 in

902 3753 989 3798 morte
1002 3757 1109 3812 semper
1122 3752 1164 3798 ost
1177 3743 1262 3799 rivus.
1287 3741 1362 3797 Sicut
1381 3742 1408 3796 in
1426 3743 1554 3797 thesauro
1581 3739 1694 3811 rupidus
1725 3748 1727 3752 “

901 3833 1010 3904 gaudet,
1025 3841 1053 3887 et
1068 3831 1139 3886 sicut
1154 3833 1180 3886 in
1207 3846 1299 3886 amore
1316 3831 1388 3886 unici
1404 3831 1452 3886 filii
1472 3830 1623 3887 delectatur
1633 3845 1692 3885 ma-

903 3933 962 3991 ter;
977 3924 1013 3978 ita
1029 3922 1156 3996 gaudium
1169 3931 1196 3977 ιι
1213 3921 1357 3978 delectatio
1371 3931 1413 3977 est
1424 3932 1500 3992 grata
1518 3921 1544 3975 in
1558 3921 1693 3976 charitate

902 4026 959 4084 tua,
970 4016 1055 4072 duleis
1072 4012 1135 4071 lesu
1147 4057 1154 4080 ,
1166 4015 1263 4071 animae
1278 4013 1378 4068 antanti
1398 4012 1446 4068 to.
1458 4012 1574 4068 Duleedo
1591 4010 1692 4075 mellis,

902 4108 1022 4164 suavitas
1036 4108 1127 4173 laetis,
1144 4106 1199 4162 riui
1217 4105 1355 4161 inebrians
1368 4118 1459 4174 sapor,
1474 4111 1632 4174 cunctaeque
1646 4101 1694 4157 de·

61 4205 136 4270 riosi,
149 4207 194 4276 qui
210 4207 298 4276 ipsum
320 4222 369 4276 pru
390 4222 444 4278 quo
459 4208 608 4264 tradidistis
618 4210 649 4272 in
663 4221 777 4267 nrorrem
793 4212 850 4267 app.
902 4202 970 4256 liciae
985 4216 1037 4255 uon
1052 4200 1092 4256 sie
1102 4198 1237 4255 oblectant
1250 4197 1340 4254 larrees
1353 4196 1517 4269 gustantium
1532 4210 1573 4261 se,
1588 4206 1618 4250 ut
1631 4203 1692 4249 tuus
1743 4274 1747 4280 Δ

61 4310 120 4350 mas
139 4306 251 4365 uestras,
276 4299 374 4368 ipsum,
399 4300 519 4369 inquam,
542 4299 645 4369 lesum,
668 4302 766 4359 Filium
790 4304 848 4371 Dei,
902 4289 1333 4361 311101ῐῃθῦίθῦΰῑιῑιιθῦῑῑῦῃῑῑθ·

61 4387 205 4455 possidetis
227 4388 367 4458 praernium
390 4390 547 4446 certaminis
567 4393 661 4448 vestri.
684 4391 806 4450 Gaudete
822 4393 849 4448 ιι
866 4389 889 4445 b
936 4383 959 4440 0
983 4382 1071 4438 dulcis
1089 4380 1164 4446 lesu,
1181 4380 1241 4434 uite
1260 4378 1338 4448 panis
1365 4377 1445 4432 nimis
1464 4371 1691 4444 concupiscibilis.

61 4476 125 4533 lesu
143 4495 248 4535 summo
263 4480 373 4537 doctore
387 4482 520 4550 veritatis,
542 4497 559 4539 o
578 4485 725 4540 venerandi
745 4483 851 4542 carries·
901 4474 980 4529 b0²r⁰
1000 4472 1100 4536 51131115,
1114 4469 1204 4526 ⁰¹⁰¹¹¹¹¹
1221 4467 1343 4532 11115111111,
1355 4466 1427 4521 mitis
1438 4481 1517 4536 ³8⁰⁰,
1534 4463 1614 4520 s⁰f²i⁶
1637 4463 1691 4529 ¹0⁰·

61 4583 138 4624 sures
160 4578 187 4624 et
204 4570 338 4636 doctores,
353 4572 416 4641 quia
435 4588 515 4642 quem
535 4573 599 4629 elim
621 4574 751 4631 doctrinis
765 4576 852 4633 sacris

61 4669 91 4714 ιι
112 4661 240 4730 operibus
259 4651 339 4733 ¹justis
354 4663 468 4719 conlessi
491 4664 556 4719 estis
573 4679 665 4721 ceram
687 4665 849 4731 bominibus,

63 4766 135 4805 ιιιι
150 4752 294 4806 consuetur
307 4769 353 4808 ιοι
373 4770 463 4809 coram
478 4754 556 4811 Patre
570 4771 620 4812 suo
636 4765 664 4810 et
685 4757 786 4813 sanctis
804 4772 852 4812 an-

62 4842 129 4913 gelis
143 4842 210 4911 ejus.
228 4843 349 4901 Gaudete
361 4847 387 4901 in
404 4847 465 4902 lesu
482 4849 586 4916 uirgine
602 4857 629 4903 ιι
644 4849 777 4920 virgiuum
789 4865 853 4906 san·

62 4935 222 5001 ctilicatore,
237 4932 487 5008 uos'paradisieolae
503 4941 628 5014 virgines,
642 4958 689 4998 uos
701 4942 804 5014 angelis
816 4945 853 5000 si·

63 5026 151 5092 miles,
164 5029 225 5097 quia
240 5045 303 5085 ecce
316 5047 395 5100 quem
408 5033 527 5095 amastis,
542 5049 621 5103 quern
632 5025 756 5104 optastis,
771 5049 852 5105 quem

63 5120 221 5176 ardentibus
243 5122 384 5180 desideriis
405 5125 561 5195 expetistis,
586 5141 634 5195 pro
656 5127 734 5197 eujus
759 5142 853 5185 aurore

63 5219 187 5268 terrenos
198 5227 311 5284 sponsos
322 5224 350 5269 et
363 5230 469 5270 emnem
488 5226 612 5271 ornatum
629 5219 718 5274 saeeuli
731 5226 855 5275 contem·

61 5305 170 5374 psistis,
195 5307 292 5362 summi
321 5307 402 5378 Regis
424 5308 520 5364 dilium
544 5323 616 5364 nunc
641 5309 754 5376 ridetis,
781 5326 853 5368 trunc

62 5392 145 5463 227
161 5395 269 5458 tenetis,
282 5411 355 5452 nune
371 5397 398 5452 in
418 5396 477 5467 ejus
493 5398 575 5453 castis
596 5397 764 5467 amplexibus
777 5401 853 5470 quie·

63 5487 151 5553 scitis,
170 5493 198 5541 et
216 5484 304 5540 diuelli
325 5502 339 5540 a
362 5485 439 5541 uobis
459 5486 531 5540 nulla
555 5485 721 5541 insidiatoris
742 5483 854 5543 iraudu-

62 5578 146 5635 lentia
158 5585 257 5648 potest.

104 5670 200 5730 lerum
230 5672 302 5727 inter
331 5684 427 5727 omnes
450 5667 586 5728 caelicolas
610 5667 777 5727 uberrimum
802 5667 851 5728 tibi

225 5765 361 5826 Parrus.
381 5761 517 5825 ctl'llt.

902 4564 1019 4620 formosa
1033 4561 1176 4632 panthera,
1198 4557 1312 4630 simplex
1334 4557 1470 4624 columba,
1489 4560 1567 4613 relax
1589 4556 1691 4628 aquila,

902 4653 979 4710 stella
1004 4653 1148 4718 matutina,
1172 4650 1211 4706 sol
1231 4660 1342 4716 aeterne,
1362 4648 1455 4721 angele
1480 4648 1565 4721 pacis,
1591 4648 1693 4706 ιοιιιιι

902 4743 993 4798 lumen
1013 4743 1240 4815 sempiternorum
1262 4739 1409 4807 luminum,
1424 4750 1450 4796 te
1463 4750 1545 4806 amet,
1559 4740 1586 4795 in
1602 4749 1629 4797 te
1643 4741 1692 4797 de·

902 4833 1026 4897 leetetur,
1041 4842 1068 4888 te
1085 4832 1234 4887 adrniretnr
1245 4828 1334 4885 ornnis
1350 4845 1444 4885 seusus
1462 4831 1548 4885 troitus
1565 4839 1691 4885 truacon-

902 4925 1013 4981 reniens
1026 4923 1108 4992 laudi,
1124 4923 1193 4979 Deus
1205 4921 1295 4979 cordis
1309 4920 1372 4991 mei,
1387 4931 1415 4976 ιι
1427 4936 1490 4992 pars
1509 4936 1568 4976 mea
1581 4919 1691 4976 Cbriste

902 5015 978 5085 lesu,
990 5016 1098 5073 ιιιιιιιι
1111 5030 1158 5071 ιιι
1175 5029 1264 5070 meum
1281 5014 1377 5085 spiritu
1391 5028 1456 5078 suo,
1470 5021 1498 5068 et
1512 5025 1604 5068 canoa
1623 5025 1690 5065 eau-

903 5109 1078 5181 cupiscentiis
1096 5108 1162 5174 suis,
1178 5117 1206 5163 et
1218 5107 1294 5162 viras
1313 5117 1340 5162 ιι
1356 5105 1384 5161 ιι
1399 5119 1453 5170 ιιι,
1469 5114 1496 5159 ιι
1517 5101 1691 5160 concalescat

903 5204 931 5258 in
941 5202 1038 5272 spiritu
1056 5214 1117 5254 meo
1128 5199 1206 5255 riuus
1226 5196 1310 5253 carba
1331 5196 1432 5252 arauris
1447 5195 1497 5259 tui,
1511 5205 1693 5251 etexereseat

904 5295 931 5349 in
946 5294 1035 5364 ignem
1050 5287 1329 5363 perlectuml'oreal
1339 5295 1366 5342 el
1383 5286 1503 5341 enutriat
1514 5284 1588 5339 illum
1605 5285 1633 5339 ln
1647 5292 1706 5341 ιιι.

903 5386 990 5458 qratia
1005 5391 1062 5447 trra,
1076 5391 1105 5436 ut
1118 5382 1212 5438 ardeat
1218 5380 1320 5452 jugiter
1333 5379 1360 5434 in
1375 5392 1422 5432 ara
1442 5374 1531 5433 cordis
1552 5373 1604 5437 mel
1617 5392 1624 5427 :
1638 5372 1694 5433 ler-

905 5489 967 5534 ιιιι
981 5479 1007 5533 in
1027 5475 1151 5532 medullis
1164 5474 1241 5541 mels,
1254 5473 1348 5545 lleqret
1362 5472 1389 5527 ia
1405 5470 1570 5528 absconditis
1582 5467 1691 5538 anina,

905 5572 933 5627 in
951 5570 994 5628 die
1009 5556 1252 5626 consummationis
1269 5581 1337 5622 mere
1349 5570 1554 5621 consummatus
1571 5560 1695 5619 iarertla·

907 5672 951 5722 tur
964 5663 1034 5738 apud
1045 5670 1082 5720 ιι.
1097 5663 1125 5720 la
1138 5661 1183 5720 die
1194 5672 1247 5731 qua
1258 5658 1318 5716 erui
1333 5671 1376 5714 ιιι
1389 5654 1493 5714 ridebis
1507 5670 1522 5710 a
1536 5655 1626 5712 ιιιιιι
1641 5653 1693 5708 lsta

1460 5748 1500 5807 ιδ
