3690 6008
98 211 133 266 61
602 212 679 268 l'l'ld
700 210 865 269 1110101111
887 213 1060 271 tittlttbtto.
1079 245 1112 256 -
1127 217 1191 274 tto.
1212 221 1231 275 1.
1693 202 1727 292 5'2

103 348 166 385 rum
185 329 210 384 in
224 344 276 399 qna
289 327 412 396 jacebat,
426 329 506 397 coepit
520 328 689 383 miserandas
704 343 785 383 voees
802 329 897 388 edere.
914 330 1008 387 Aram
1031 333 1191 403 declinabat,
1212 347 1239 392 et
1261 338 1410 411 principem
1435 343 1467 398 de
1493 344 1656 416 hospitando
1680 350 1737 406 gn.

102 432 133 476 et
155 421 233 491 qnasi
250 419 430 489 quorumdam
457 418 584 473 horridos
608 417 667 489 lul,
685 417 894 489 borrendornml

103 509 431 584 aspectussnbterlngere
447 510 571 579 gestiret,
584 509 688 580 psallens
699 518 726 563 et
740 510 821 563 anxie
838 519 893 564 tre·

103 619 184 659 mens
202 602 307 656 uultum
330 616 410 656 soum
425 600 607 655 delitescendo
622 599 686 655 binc
701 600 764 655 inde
777 615 896 654 commu·

105 703 172 749 tare.
188 691 290 748 Territi
305 691 406 747 iratres
420 693 465 762 qni
481 691 606 756 aderant,
621 691 687 760 qnid
709 690 822 745 baberet
835 705 896 760 per-

104 791 278 837 cunctantur.
307 780 342 835 bt
367 780 576 836 iliethminos
599 781 732 835 immanes
760 778 837 849 lupos
852 792 895 834 me

104 875 177 929 inter
202 873 314 927 brachia
338 889 385 926 sna
403 887 588 943 compressum
617 881 721 937 tenere,
751 880 778 927 et
802 880 896 943 guttur

104 981 195 1021 meum
209 964 350 1036 impressis
362 965 487 1019 dentibus
509 964 620 1036 iamiam
639 962 772 1019 sullocare
786 964 893 1032 ridetis,

104 1064 131 1109 et
145 1056 209 1125 quid
224 1055 289 1108 mibi
305 1055 336 1107 bt
348 1053 487 1123 qnaeritis?
501 1053 561 1120 Quo
584 1054 685 1119 audito,
698 1068 768 1108 urruns
780 1068 814 1108 cx
838 1069 896 1108 mo·

105 1147 200 1202 nacbis
224 1145 374 1216 Riculpbus
398 1146 516 1207 nomine,
542 1146 576 1199 ad
592 1146 748 1201 busclmnm
764 1148 809 1216 qui
830 1156 895 1202 tttne

105 1241 132 1294 in
146 1239 268 1295 clanstro
283 1239 461 1294 emendandis
475 1237 552 1294 libris
576 1238 743 1306 intendebat,
770 1238 895 1295 concitus

104 1333 241 1404 perrexit3
266 1341 294 1386 ct
312 1331 336 1386 ei
357 1329 417 1403 lob,
437 1329 481 1402 eo]
507 1339 585 1385 extra
612 1329 761 1385 claustrum
780 1331 894 1397 educto,

105 1425 169 1494 qnid
196 1425 271 1480 circa
294 1424 432 1478 inllrmum
455 1423 566 1478 tratrem
591 1431 733 1494 ageretur,
754 1421 893 1494 patefecit.

105 1512 201 1570 Jnssns
229 1529 293 1583 crgo
320 1512 470 1583 lliculplms
483 1513 515 1567 ad
532 1528 633 1582 aegrum
652 1512 741 1576 rediit,
758 1520 785 1566 et
800 1511 894 1566 drisci·-

106 1622 165 1661 mns
187 1606 214 1659 in
230 1605 408 1660 secretiorum
423 1604 512 1659 locum
527 1603 601 1658 solus
620 1603 746 1658 secessit.
756 1600 821 1656 Post
835 1615 892 1656 mo·

947 421 1031 476 selmo
1057 423 1127 479 nulla
1157 440 1220 480 cura
1249 427 1398 485 detinebat.
1430 432 1506 498 Qtrod
1540 435 1585 489 tabi
1610 436 1738 494 buselino

946 515 1154 581 innotuit,nil1il
1171 534 1294 589 soperre
1315 520 1375 594 lat,
1398 524 1439 596 sc]
1461 526 1587 596 cuiqnam
1611 528 1736 597 locutus,

946 617 1056 677 accepta
1075 608 1181 665 licentia
1203 610 1261 667 loco
1275 614 1399 669 decessit.
1415 614 1496 670 Ennti
1518 626 1661 685 autemst
1683 634 1737 689 quo

945 696 1091 753 diverteret
1104 699 1237 755 incertum
1256 702 1363 758 babenti
1379 703 1492 774 (Beccns
1509 706 1581 761 enim
1596 706 1673 779 longe
1689 709 1738 763 ab·

945 784 1014 857 erat)
1035 791 1154 843 occurrit
1175 805 1244 843 unm
1261 792 1294 846 de
1306 794 1445 848 monacbis
1459 792 1548 859 becci,
1566 794 1659 851 rolens
1675 795 1737 852 illnc

947 877 997 942 ire,
1014 894 1067 947 qno
1086 896 1147 934 enin
1170 882 1273 936 sciebat
1304 885 1433 953 principis
1453 885 1586 954 colloquio
1608 886 1732 942 detineri.

945 969 1095 1039 interrogat
1109 986 1173 1042 ergo
1183 988 1242 1026 erran
1256 973 1399 1029 dnsebnns
1411 991 1463 1045 quo
1477 977 1579 1043 tendat,
1593 992 1624 1032 ac
1639 977 1735 1033 deiude

945 1062 1009 1131 quid
1034 1063 1143 1118 consilii
1165 1065 1198 1118 dc
1213 1079 1263 1120 sno
1288 1066 1403 1134 bospitio
1426 1068 1505 1122 ierat.
1522 1067 1670 1137 Respondit
1683 1087 1690 1122 ε
1703 1069 1737 1122 Et

945 1152 1068 1218 quidem,
1087 1153 1181 1219 Pater,
1199 1154 1345 1224 hospitium
1367 1156 1553 1227 qualecunque
1580 1174 1633 1212 non
1658 1157 1737 1228 longe

946 1243 1086 1310 babemus,
1099 1247 1146 1300 sed
1160 1247 1224 1315 qnid
1239 1247 1314 1301 robis
1335 1255 1362 1301 et
1376 1247 1506 1304 iratribus
1526 1257 1623 1319 practer
1640 1264 1735 1319 prtuem

945 1344 973 1389 et
989 1350 1099 1391 caseum
1122 1346 1281 1407 apponetur,
1303 1339 1369 1393 nibil
1396 1339 1535 1394 babemus.
1552 1341 1587 1394 At
1608 1338 1652 1395 ille
1673 1339 1737 1395 snb·

945 1426 1036 1482 ridens
1052 1427 1146 1483 :Bone
1168 1429 1220 1492 vir,
1249 1432 1297 1495 ait,
1320 1446 1354 1486 ne
1379 1432 1486 1499 timeas,
1513 1432 1568 1487 imo
1587 1431 1732 1504 citnslot.,

944 1516 1035 1588 eitius]
1055 1519 1179 1586 procede,
1202 1528 1229 1574 et
1254 1521 1336 1575 misso
1357 1521 1408 1575 reti
1432 1521 1457 1575 in
1473 1521 1591 1576 ricinum
1616 1537 1735 1589 amnem,

945 1610 1036 1662 statim
1054 1609 1177 1666 invenies
1192 1611 1293 1680 piscem
1305 1611 1351 1681 qui
1366 1610 1480 1667 sufficiet
1502 1613 1627 1668 onrtribns
1647 1613 1736 1669 nobis.

106 1699 209 1761 dicum,
227 1697 335 1752 domurn
351 1696 377 1751 in
396 1711 447 1766 qna
466 1695 550 1751 irater
571 1710 600 1750 se
616 1695 685 1750 male
700 1696 817 1751 babebat
832 1694 893 1768 [nl.,
910 1672 930 1729 ὓ
945 1696 992 1752 llle
1006 1708 1116 1769 accepto
1129 1702 1256 1757 mandato
1271 1702 1410 1771 praerolat,
1421 1701 1561 1772 accitoque
1584 1703 1725 1774 piscatori,

106 1793 151 1863 qui
168 1790 354 1863 patiebatnrl,
373 1789 545 1861 ingrediens,
566 1789 655 1844 levrrta
670 1804 768 1854 manua,
786 1789 893 1869 signum

107 1890 207 1937 sanctae
228 1880 319 1935 crocis
335 1879 419 1935 edidit
437 1881 529 1934 dicens
548 1897 555 1933 :
573 1877 606 1933 lu
626 1879 730 1933 aonrine
747 1875 850 1944 Putris,
871 1885 895 1932 et

109 1971 183 2036 Filii,
200 1982 223 2025 et
245 1969 361 2041 Spiritus
378 1972 471 2025 suncti.
492 1970 532 2024 td
546 1971 617 2040 quod
632 1969 733 2025 iactum
754 1971 845 2025 statim
859 1986 896 2026 aa·

108 2079 151 2134 ger
166 2062 334 2131 conquieuit,
361 2070 387 2116 et
409 2062 561 2116 exlrilarato
577 2061 669 2125 tultn,
694 2061 790 2116 intimo
805 2062 896 2117 cordis

108 2152 205 2207 :illectu
220 2151 276 2208 Deo
287 2153 389 2224 gratlas
403 2166 483 2224 agere
501 2153 594 2224 coepit.
618 2150 810 2208 liiccbatenim
822 2152 896 2223 quod

108 2241 235 2297 llnsebno
256 2243 356 2296 ostium
380 2242 567 2312 ingrediente,
583 2251 610 2297 ct
625 2252 741 2296 extensa
765 2256 846 2297 manu
860 2244 897 2299 sl·

108 2351 187 2404 girum
220 2344 322 2390 sanctae
347 2336 436 2390 crucis
465 2334 576 2399 edente,
593 2333 691 2391 viderit
712 2353 746 2391 ex
760 2353 807 2392 ore
825 2334 897 2391 illins

108 2425 243 2480 tlanrmam
255 2426 324 2496 ignis
340 2425 366 2480 in
383 2426 491 2481 modum
504 2427 604 2482 lanceae
617 2430 819 2496 procedentem,
835 2443 895 2498 anc

109 2516 133 2571 in
149 2517 227 2588 lupos
237 2517 357 2588 laculata
386 2532 432 2572 ens
459 2518 603 2584 deterruit,
617 2527 645 2573 et
657 2519 738 2574 celeri
753 2519 813 2588 luga
827 2520 897 2574 dila-

108 2623 170 2678 psos
192 2609 285 2681 procul
301 2609 400 2680 abegit.
417 2609 492 2664 Tunc
514 2610 658 2667 bnsclmns
672 2613 705 2667 ad
720 2613 833 2668 fratrem
852 2601 898 2669 ac·'

945 1787 1008 1858 qnid
1028 1789 1172 1845 bnsclmus
1182 1792 1306 1862 jusserit,
1319 1792 1434 1859 intimat,
1447 1809 1479 1848 ac
1494 1800 1523 1849 ut
1545 1794 1665 1849 velocius
1681 1803 1738 1850 rete

945 1881 972 1937 in
987 1881 1097 1936 bovium
1116 1883 1210 1953 jactet,
1231 1884 1318 1955 jubet,
1340 1885 1466 1940 bortatur
1481 1894 1507 1940 et
1522 1885 1658 1941 obsecrat.
1680 1884 1736 1939 bd·

945 1971 1059 2026 miratus
1075 1971 1127 2037 ille,
1143 1987 1238 2042 parere
1255 1975 1357 2044 petenti
1374 1989 1507 2042 moratura,
1524 1975 1664 2030 ridendum
1686 1990 1736 2044 po·

945 2062 1000 2116 tius
1014 2076 1094 2130 quarn
1113 2064 1301 2118 attentandum
1316 2067 1387 2133 qnod
1402 2066 1508 2121 dicebat
1529 2065 1599 2130 lore,
1610 2080 1736 2134 prccnnn·
1824 2077 1825 2080 ’

947 2155 1027 2208 tians.
1045 2152 1164 2209 Tandem
1181 2163 1298 2210 tamena
1315 2155 1399 2213 fratre
1418 2166 1539 2222 coactus,
1552 2167 1645 2212 corttra
1661 2170 1736 2225 spem

946 2255 1004 2301 rete
1020 2245 1097 2316 iecit,
1114 2255 1142 2301 et
1167 2246 1239 2302 illico
1264 2256 1380 2303 tructam
1408 2250 1521 2304 insolitae
1546 2246 1738 2319 magnitudinis

946 2351 1007 2390 enm
1021 2336 1074 2390 alio
1097 2336 1214 2405 quodam
1236 2336 1366 2406 pisciculo
1388 2339 1468 2408 cepit.
1488 2335 1597 2393 Tertius
1616 2337 1737 2408 piscator

946 2429 980 2483 ad
997 2427 1097 2481 iactum
1114 2436 1142 2482 et
1154 2426 1368 2498 obstupefactus,
1390 2429 1504 2484 assernit
1520 2443 1550 2484 se
1565 2427 1621 2498 jam
1635 2442 1684 2498 pcr
1696 2425 1736 2480 vi-

946 2524 1013 2596 ginti
1036 2539 1121 2579 annos
1144 2537 1269 2578 recessus
1291 2538 1368 2592 aquae
1387 2522 1459 2578 illins
1484 2523 1609 2588 rimasse,
1623 2531 1649 2576 et
1669 2536 1739 2575 rann·

947 2630 1028 2684 quam
1044 2613 1196 2682 btrjrrsmodi
1218 2623 1334 2669 tructam
1355 2614 1382 2668 in
1406 2629 1438 2669 ca
1463 2613 1585 2681 reperire
1607 2612 1738 2683 potuisse.

108 2700 370 2770 cedensatqnecnm
385 2715 417 2755 eo
429 2701 462 2755 de
478 2701 564 2756 salute
578 2702 674 2758 animae
693 2718 748 2757 snae
767 2705 898 2759 secretins
946 2706 1044 2761 Parata
1071 2707 1154 2775 igitur
1175 2713 1202 2761 ct
1225 2705 1283 2760 viro
1299 2706 1431 2776 apposita,
1456 2705 1532 2776 juxta
1548 2705 1660 2759 verbnm
1678 2702 1738 2773 cjns

108 2789 230 2860 loquens,
246 2791 278 2845 ad
292 2791 486 2861 poenitudinem
501 2802 528 2847 et
546 2793 742 2850 contessionem
764 2797 896 2862 omnium,
947 2798 998 2854 sibi
1012 2806 1039 2853 et
1052 2798 1109 2853 suis
1124 2797 1235 2867 copiose
1252 2795 1356 2853 sutfecit
1374 2805 1401 2850 et
1417 2793 1655 2866 superabundavit.
1734 2863 1736 2867 Ι

109 2882 133 2935 in
147 2882 248 2951 qnibns
262 2898 290 2938 se
300 2881 385 2937 Deum
399 2880 543 2938 odeardisse
558 2885 695 2940 recordari
716 2887 834 2953 valebat,
850 2902 898 2942 eor
982 2885 1028 2940 at.
1038 2886 1095 2940 lilia
1110 2885 1228 2950 ricerii
1242 2884 1494 2955 quddamWalterns
1507 2884 1624 2948 nomine,
1638 2896 1739 2953 cogno-

108 2971 163 3040 ejus
175 2972 327 3037 inelinavit,
346 2981 457 3042 paterna
472 2975 568 3029 debinc
581 2976 743 3034 auctoritate
764 2977 897 3033 acunctis
911 3008 933 3071 c
949 2978 1022 3032 utine
1035 2977 1160 3043 Tirellus,
1176 2978 1300 3033 eumdem
1320 2978 1456 3032 bominem
1472 2992 1519 3046 per
1541 2985 1641 3031 terram
1663 2991 1739 3029 snam

108 3065 271 3133 absolutum,
296 3066 365 3121 dixit
383 3080 444 3121 enm
467 3067 533 3121 bora
555 3083 608 3138 qua
627 3066 726 3124 iratres
742 3071 775 3124 ad
798 3084 897 3124 nonam
948 3075 1136 3123 transeuntem
1164 3066 1291 3132 detinuit,
1308 3067 1401 3122 nolens
1419 3081 1480 3121 eum
1499 3081 1513 3120 a
1529 3080 1558 3119 se
1573 3065 1739 3135 impransum

107 3164 260 3228 surgerent,
275 3156 401 3227 praesenti
419 3157 483 3212 vitae
500 3159 671 3212 decessurum
686 3157 745 3230 [ol.,
763 3159 899 3214 discessu·
948 3157 1096 3212 dimittere.
1108 3157 1209 3214 Verum
1223 3173 1283 3212 enm
1301 3159 1357 3227 ipse
1372 3157 1405 3212 de
1418 3157 1530 3228 penuaria
1544 3157 1658 3227 piscium
1673 3171 1738 3211 eon-

107 3249 192 3322 stand.
204 3249 282 3317 Quod
296 3259 324 3305 et
346 3249 446 3304 iactum
468 3258 519 3304 est.
543 3247 610 3305 Nam
634 3251 773 3309 monacbis
791 3267 804 3306 a
829 3252 898 3308 lecto

108 3342 292 3414 surgentibus,
313 3341 370 3410 ipse
391 3340 423 3394 ad
448 3350 549 3395 terram
571 3342 709 3410 depositus
725 3351 778 3406 cst,
800 3349 826 3396 ct
846 3341 898 3398 illis

108 3433 180 3487 circa
194 3433 282 3502 ipsum
297 3434 347 3488 sub
362 3448 415 3487 nno
428 3433 547 3488 collectis
565 3433 707 3490 defunctus
722 3441 773 3488 cst.

137 3526 184 3581 22.
201 3525 336 3581 Precibtus
358 3525 509 3597 liiculpbus
530 3527 670 3583 secretarii
685 3527 772 3583 ollicio
798 3529 898 3598 inipso

110 3620 236 3674 ccenobio
252 3617 483 3689 iungebatnrdlic
493 3619 610 3688 quadam
625 3628 704 3674 nocte
717 3619 779 3674 dum
793 3627 899 3690 tempus

109 3712 240 3768 ctlroram
258 3725 311 3781 qna
327 3710 424 3767 batres
436 3711 470 3766 ad
489 3711 593 3783 vigilias
607 3712 748 3779 excitaret,
766 3727 815 3780 per
829 3712 899 3766 clan-

109 3810 195 3859 strnm
220 3804 280 3858 iens
299 3804 465 3869 obsecraret,
488 3804 557 3858 lorte
579 3813 643 3858 ante
667 3803 766 3858 ostium
789 3801 898 3872 capituli

109 3895 299 3967 pertransivit;
318 3896 508 3966 introspiciens
521 3911 594 3959 vcro,
614 3894 682 3951 vidit
694 3894 851 3950 buselmunt
872 3894 899 3949 in

108 3989 231 4044 oratioue
245 3996 373 4054 stantem,
389 3989 489 4058 ingenti
511 3988 676 4059 splendentis
692 3987 808 4042 dammae
820 3985 899 4058 globo

109 4083 346 4139 circumcinctum.
362 4081 485 4150 Miratur,
500 4092 528 4139 ct
540 4084 613 4153 qnod
636 4083 746 4139 videbat
759 4085 823 4153 quid
839 4084 899 4139 novi

109 4177 291 4247 praetenderet
309 4176 449 4246 ignorabat
465 4174 637 4243 3aestimubat
649 4176 721 4230 enim
743 4175 899 4231 Anselmnm

109 4285 139 4324 ea
153 4269 215 4343 [ol.,
228 4286 262 4324 ex
275 4267 319 4341 ea]
332 4269 397 4324 bora
410 4267 500 4337 sopori
516 4268 615 4337 potins,
629 4284 710 4339 qnam
724 4269 839 4324 orationi
852 4284 900 4322 oc·

948 3257 1155 3320 quereretur,et
1168 3249 1239 3319 qnod
1253 3257 1328 3302 tanto
1343 3248 1402 3303 siro
1413 3263 1444 3303 ae
1458 3247 1597 3302 utottacbis
1607 3245 1676 3317 ejus,
1688 3245 1739 3300 nisi

949 3340 1010 3394 vilia
1026 3341 1148 3410 quiedam
1172 3355 1225 3394 non
1243 3340 1356 3394 baberet
1368 3355 1428 3409 quae
1442 3347 1654 3409 apponerentur,
1669 3336 1739 3391 allu-

949 3428 1016 3484 dens
1029 3429 1098 3483 disit
1112 3428 1291 3484 eibnselmns
1309 3443 1316 3481 :
1331 3427 1423 3484 Sturio
1441 3444 1511 3482 uitus
1527 3442 1561 3482 en
1582 3426 1630 3481 tibi
1653 3425 1741 3482 deler-

950 3529 1003 3586 tnr‚
1016 3528 1043 3575 ct
1059 3522 1165 3575 artimus
1182 3530 1242 3575 tuus
1265 3521 1298 3574 de
1317 3519 1474 3575 deliciarum
1491 3520 1579 3590 inopia
1593 3518 1715 3590 queritur
1729 3517 1742 3573 1

950 3612 1029 3667 Ridet
1044 3613 1097 3679 ille,
1119 3610 1198 3667 tidem
1213 3611 1256 3667 bis
1271 3627 1330 3692 qnae
1344 3612 1470 3667 audiebat
1481 3614 1601 3682 prebere
1625 3610 1740 3665 nrdlate-

950 3721 1001 3760 nus
1026 3705 1128 3759 valens.
1153 3705 1174 3758 E
1201 3704 1314 3774 vestigio
1335 3712 1424 3758 antem
1448 3704 1592 3760 verborum
1619 3702 1739 3757 bnselmi

949 3797 1045 3852 duoex
1067 3796 1222 3851 bominibus
1241 3795 1291 3850 riri
1315 3796 1463 3850 attulerunt
1484 3796 1631 3851 sturionem
1657 3810 1739 3849 unttnt

951 3888 1135 3960 pregrandcm
1151 3905 1157 3940 :
1176 3901 1255 3955 quern
1273 3888 1298 3940 in
1313 3888 1371 3954 ripa
1385 3885 1503 3940 tiuminis
1516 3885 1604 3951 ,ttrije
1622 3885 1677 3954 (11)
1700 3882 1740 3939 di·

951 3975 1076 4035 aerunta
1097 3977 1251 4048 pastoribus
1274 3976 1330 4030 sois
1355 3976 1507 4039 inventum,
1534 3974 1637 4042 sibique
1653 3983 1741 4027 trans-

951 4073 1072 4128 missum.
1096 4070 1123 4125 Si
1136 4070 1261 4140 spiritum
1280 4068 1427 4139 prophetiae
1444 4067 1470 4121 in
1486 4068 1528 4122 bis
1543 4067 1601 4122 viro
1624 4066 1740 4121 adfuisse

950 4165 1012 4234 quis
1034 4162 1147 4226 dubitat,
1163 4168 1245 4232 gestae
1264 4160 1302 4214 rei
1322 4159 1423 4215 veritas
1437 4158 1500 4228 qnid
1525 4158 1571 4223 sit,
1594 4156 1739 4212 tenendum

952 4256 1082 4311 declarat.

110 4371 248 4433 cupatum.
271 4358 355 4416 Ocius
376 4360 468 4429 itaque
489 4358 679 4414 dormitorium
707 4358 840 4423 ascendit,
865 4347 939 4413 adl)
985 4350 1031 4404 95.
1051 4348 1098 4404 ttts
1120 4347 1287 4418 temporibus
1308 4345 1418 4416 scripsit
1443 4352 1573 4399 tractatus
1592 4351 1648 4396 tres
1666 4341 1739 4411 115),

112 4451 210 4507 lectum
222 4451 342 4505 bnselmi
358 4450 440 4512 radit,
458 4448 577 4506 sedeam
600 4447 637 4503 ibi
663 4461 833 4516 nequaqnam
859 4447 899 4500 in·

111 4545 192 4600 venit.
218 4543 368 4613 Regressus
382 4539 480 4614 igitur,
503 4541 639 4596 bominem
653 4538 678 4592 in
691 4536 808 4608 capitulo
823 4553 900 4608 repe-

112 4635 157 4699 rit,
169 4634 216 4688 sed
232 4631 340 4704 globum
352 4632 422 4703 ignis
439 4646 518 4701 quem
538 4628 697 4699 reliquerat,
712 4642 765 4681 non
787 4627 898 4681 incenit.

144 4725 190 4780 ΞΒ.
211 4726 272 4781 Alio
284 4726 400 4794 quodam
412 4733 533 4793 tempore
544 4722 631 4777 eidem
645 4719 775 4776 Anselmo
787 4720 899 4773 manda·

113 4827 168 4874 tum
181 4818 216 4874 ab
236 4833 290 4872 arno
306 4817 339 4872 de
356 4814 522 4887 principibus
541 4812 745 4868 Nortbmanniaa
765 4821 817 4877 est,
833 4826 900 4882 qna-

113 4921 192 4969 tenus
203 4912 238 4967 ad
249 4927 280 4968 se
301 4911 328 4966 in
343 4909 466 4981 Angliam
488 4908 603 4963 transire
617 4907 749 4961 volentem
764 4903 823 4977 [ni.,
843 4902 899 4957 rel·

113 5001 169 5074 leti,
186 5017 249 5056 enm
265 5008 375 5071 propter
387 4998 438 5053 alia
452 4997 568 5066 negotia,
583 5005 638 5050 tum
654 5006 682 5049 ut
696 5010 742 5048 sua
756 5006 836 5064 prece
851 4990 901 5045 itcr

113 5093 184 5148 illins
195 5108 244 5163 per
260 5092 365 5146 marina
386 5089 505 5161 pericula
529 5096 660 5151 tueretur,
673 5084 721 5159 [nl.
743 5082 830 5154 omit]
858 5097 901 5136 re·

113 5186 193 5242 niret.
203 5184 345 5252 Ascendit,
364 5181 420 5252 iam
434 5182 492 5238 dies
507 5179 593 5236 mutui
611 5176 739 5247 colloquii
763 5175 790 5229 in
806 5187 902 5242 respe-

950 4445 1054 4500 scilicet
1067 4442 1103 4497 ne
1127 4443 1242 4505 veritate,
1258 4439 1296 4493 Dc
1316 4438 1435 4491 libertate
1451 4437 1569 4501 arbitrii,
1585 4443 1612 4489 et
1626 4433 1664 4487 Dc
1678 4451 1741 4487 cusa

951 4536 1048 4591 diaboii
1061 4553 1069 4600 ‚·
1083 4536 1109 4588 in
1128 4533 1226 4603 quibus
1252 4531 1318 4585 satis
1334 4537 1407 4598 patet
1429 4527 1472 4581 nbi
1497 4526 1615 4580 animum
1639 4525 1741 4587 buerit,

951 4627 1074 4699 quamvis
1087 4628 1120 4682 ab
1134 4627 1174 4682 eis
1189 4641 1250 4696 qnae
1273 4625 1388 4679 aliorum
1408 4638 1472 4678 cura
1484 4621 1627 4692 expetebat
1648 4620 1742 4674 talium

952 4733 1043 4773 rernm
1065 4715 1283 4770 consideratione
1304 4714 1377 4768 nrdlo
1402 4729 1432 4768 se
1458 4713 1536 4767 modo
1563 4709 1740 4766 subtraxerit.

952 4808 1065 4877 Scripsit
1078 4816 1104 4862 et
1118 4814 1244 4877 qnartnm
1257 4821 1335 4874 quem
1351 4803 1495 4858 intitulavit
1507 4802 1544 4856 De
1558 4800 1739 4871 gromutntico.

951 4898 979 4952 ln
991 4912 1045 4966 quo
1067 4911 1128 4963 enm
1143 4894 1274 4964 discipulo
1292 4908 1372 4963 quem
1388 4907 1480 4946 secum
1497 4891 1678 4960 disputantem
1699 4886 1742 4937 in·
1801 4941 1821 4960 ⁶

954 4989 1080 5051 troducit,
1097 4988 1239 5058 disputans
1257 4985 1319 5059 lob,
1334 4982 1464 5055 disputat]
1480 4998 1540 5036 ctam
1555 4980 1652 5034 multas
1665 4991 1741 5045 qnae·

953 5083 1056 5138 stiones
1069 5081 1225 5136 dialecticas
1240 5075 1504 5149 proponitetsolrit,
1522 5081 1577 5126 tum
1596 5067 1743 5139 qualitates

954 5183 980 5229 et
994 5173 1095 5242 qualia,
1111 5171 1246 5242 ‹paromodo
1257 5171 1311 5224 sint
1325 5169 1441 5224 discrete
1460 5161 1617 5233 accipianda
1631 5156 1744 5227 exponit

749 5282 955 5339 ttttttsctlsstttt
976 5275 1091 5340 NOTAE.

148 5425 207 5500 (tt)
226 5423 324 5480 bltbea
352 5423 454 5479 rirnlns
482 5421 635 5482 Picardire,
660 5431 744 5487 prope
767 5414 896 5496 oppidum

113 5497 260 5562 ltottrlens,
272 5496 306 5549 de
316 5510 370 5564 quo
385 5495 411 5548 in
423 5495 498 5550 betis
510 5493 539 5548 S.
561 5490 654 5546 Fursci
670 5489 701 5541 to'
712 5486 846 5566 Jannartr.
891 5555 896 5566 .

148 5567 206 5638 115)
226 5564 347 5634 Qtttttttot
364 5566 391 5620 tri
406 5565 509 5636 priores
529 5561 592 5618 libri
607 5574 655 5631 pet
673 5557 780 5613 modurn
799 5554 898 5626 dialogi

954 5419 1025 5471 inter
1038 5416 1197 5487 magistrum
1215 5424 1242 5471 ct
1256 5410 1415 5480 discipulum
1439 5404 1532 5487 scripti
1551 5403 1739 5470 eontinentur.

954 5497 1031 5561 parte
1042 5488 1127 5557 prima
1143 5487 1214 5542 inter
1228 5482 1357 5556 opuscula
1372 5478 1515 5536 didacttca.
