3690 6008
126 215 131 226 ·
165 190 245 248 etl·
298 187 356 244 .S.
376 187 720 245 sescentesimum.
742 186 1200 244 nnctltee.ot>t>.ruttStt.-
1221 185 1402 243 PARAENET.
1422 185 1604 258 etdsessi.
1760 188 1814 245 968

165 303 338 360 familiariter
359 310 397 367 tu,
413 301 533 364 domnina,
550 300 641 355 dixisti
659 299 725 354 ruer:
742 299 799 370 Ego
812 317 871 354 eum
882 301 959 355 mise·
974 303 998 360 Α
1012 301 1082 354 riusa
1109 301 1165 368 ¹⁸⁶⁹,
1192 300 1298 356 meritis
1320 299 1534 371 qualemcunque
1559 301 1674 371 recipiat
1703 311 1812 357 restem

166 397 287 452 ricordira
302 403 395 449 stater.
409 392 487 464 Apud
501 405 581 460 ortem
596 406 661 463 ergo
674 392 777 458 miseri,
793 394 863 464 apud
874 407 955 463 quem
1008 392 1167 461 nuptialem.
1194 392 1325 463 Denique,
1348 400 1375 448 el
1389 393 1411 448 si
1429 408 1483 448 non
1508 393 1646 460 merebor,
1670 395 1731 449 imo
1747 398 1812 464 quia

142 489 279 569 igeioiaii
296 486 396 542 meiius
414 483 617 554 ingemiscimus
636 483 808 555 doplomntes
829 483 899 538 mala
919 492 957 540 ιο.
1008 492 1062 531 riou
1090 478 1216 533 merebor
1245 478 1360 532 ricinius
1394 477 1524 533 accedere
1557 489 1641 549 atque
1673 480 1814 537 iuteresse

144 572 221 641 ftrus
242 575 404 634 calamitatis
423 584 450 629 ct
472 573 589 629 miserim
609 581 718 640 nostrae,
740 589 821 644 qrram
845 573 915 643 apud
931 582 958 630 te
1007 570 1140 639 florigeris
1165 579 1246 641 atque
1271 569 1416 626 odoriferis
1446 571 1538 643 gloriae
1568 583 1669 629 restrae
1700 575 1813 643 obmisi

132 665 142 745 'i
164 683 257 725 reram
271 677 299 724 et
312 665 491 722 indubitatam
515 674 628 720 matrem
644 665 859 721 misericordiae?
872 663 957 721 blater
1007 663 1115 718 eminus
1138 662 1235 718 saltem
1250 662 1355 735 positus
1370 672 1397 719 et
1422 662 1500 734 longe
1522 667 1692 724 constitutus
1718 668 1813 726 ridere

136 741 269 828 deunce,
285 768 374 816 mater
396 760 487 826 unica,
504 768 592 815 mater
606 759 778 814 immaculata
798 757 855 825 ¹⁸⁸⁸,
870 766 958 813 mater
1008 768 1114 811 merear
1132 762 1159 808 et
1179 753 1274 809 audire
1289 769 1433 824 processus
1456 765 1576 823 vestros,
1611 768 1748 833 tympana
1763 777 1813 817 re·

164 854 333 923 incorrupta,
348 860 436 906 mater
459 849 664 917 misericordia,
685 858 774 905 mutor
797 848 906 919 pietatis
929 857 959 904 et
1008 857 1075 911 stra,
1091 855 1241 904 concentus
1260 848 1307 880 ¹¹⁷⁰
1321 859 1435 915 vestros,
1453 859 1482 904 et
1498 849 1631 920 quidquid
1655 851 1728 908 iilud
1751 844 1832 926 gle-¹

164 941 349 1014 induigentia,
374 941 448 1011 uperi
473 940 562 995 simun
587 940 697 1009 pietatis
719 947 747 995 et
759 939 867 1010 suscipe
882 952 957 993 mor·
1007 939 1056 994 riae
1080 947 1108 994 et
1132 939 1323 996 exsultationis
1336 941 1399 1008 crit,
1418 945 1525 1012 qrrando
1550 941 1742 1015 tripudiabitis
1766 961 1809 1002 se·

165 1046 242 1093 tuum
266 1035 294 1090 in
318 1034 447 1105 peccatis.
465 1032 554 1097 Eece,
579 1030 700 1097 domina,
724 1030 795 1086 iilius
816 1030 957 1100 prodigus,
1008 1040 1124 1101 quentes
1136 1046 1236 1103 agnum
1249 1046 1412 1103 quocunque
1424 1033 1497 1089 ierit.
1717 1090 1727 1101 ,

165 1128 252 1182 nudus
270 1136 299 1182 ct
315 1124 425 1181 attritus
440 1120 486 1154 '³⁶⁹
499 1121 623 1192 pedibus,
644 1121 677 1176 de
698 1121 758 1176 loco
776 1121 910 1187 irorroris,
924 1120 958 1176 de
1044 1117 1195 1190 Singularis
1216 1120 1303 1191 virgo,
1321 1136 1428 1176 summa
1442 1131 1471 1177 et
1483 1131 1619 1192 perpetua
1633 1124 1730 1196 virgo,
1753 1127 1808 1183 sola

165 1215 263 1271 nebula
286 1214 464 1270 immunditiae
487 1211 624 1269 etletoris
647 1210 777 1281 suspirat,
800 1209 911 1275 clamat,
931 1219 959 1265 et
1008 1220 1096 1264 mater
1109 1219 1138 1265 et
1150 1210 1237 1280 virgo,
1252 1221 1345 1265 sancta
1359 1209 1454 1276 bieria,
1473 1212 1500 1266 in
1513 1212 1568 1266 line
1577 1214 1718 1270 orationis
1732 1230 1807 1280 mee,

164 1306 282 1379 appellat
297 1314 412 1363 matrem
428 1321 481 1360 nou
496 1305 638 1360 immemor
650 1302 756 1373 quotics
768 1318 830 1357 eum
846 1302 957 1366 sororis,
1007 1300 1035 1354 iu
1056 1308 1178 1356 extremo
1194 1299 1274 1371 hujus
1290 1300 1597 1373 iatuaesuppiicatiouis
1615 1303 1663 1340 ¹¹¹¹
1681 1305 1809 1377 indignus

165 1399 275 1467 texeris,
294 1398 470 1454 excusaveris
491 1395 561 1467 apud
579 1395 700 1450 Patrem.
724 1393 759 1450 Et
782 1394 890 1465 quidem
914 1392 958 1450 iiie
1008 1390 1055 1423 ¹¹³¹
1068 1391 1120 1448 boc
1134 1408 1217 1447 utrum
1241 1408 1318 1463 rogo,
1343 1391 1395 1448 boc
1414 1399 1508 1459 utrum,
1521 1408 1622 1464 precor
1641 1404 1671 1451 et
1696 1395 1807 1453 obsecro

165 1489 304 1557 piissimus
319 1499 401 1559 atque
416 1487 627 1560 benignissimus
643 1494 731 1555 pater,
756 1493 784 1539 tu
800 1492 855 1540 tam
870 1485 957 1540 duleis
1009 1483 1055 1515 ’³⁷¹
1074 1483 1101 1539 in
1122 1483 1232 1539 nomino
1256 1483 1348 1541 dilecti
1372 1484 1422 1540 irlii
1445 1485 1496 1553 tui,
1523 1486 1595 1541 dona
1613 1487 1684 1543 mibi
1712 1489 1809 1545 misero

164 1590 193 1635 ct
206 1580 298 1636 suavis
310 1590 408 1634 nrater.
420 1580 555 1650 Agnosce,
571 1575 723 1641 benedicta,
735 1574 805 1633 ilios
816 1585 876 1632 tuos
888 1591 958 1647 qum
1004 1573 1096 1645 jugem
1116 1584 1145 1632 et
1166 1570 1313 1645 perennem
1333 1577 1494 1633 memoriam
1513 1580 1676 1635 suavissimi
1691 1582 1806 1638 nouriuis

164 1671 244 1726 unice
257 1670 371 1726 dilectus
382 1669 537 1740 unigenitus
549 1678 609 1723 tuus
624 1683 678 1723 nou
690 1667 799 1723 erubuit
811 1666 858 1700 ¹¹⁸⁰
871 1668 959 1725 nomi·
974 1656 997 1714 Β
1010 1665 1059 1722 tui.
1077 1665 1209 1724 stretona
1220 1667 1404 1737 dulcissimus,
1417 1669 1495 1726 cibus
1506 1671 1697 1729 suavissimus
1712 1675 1807 1730 anima

165 1774 230 1815 nare
251 1760 350 1816 iratres
371 1774 443 1814 suos.
465 1758 535 1814 Etsi
550 1772 599 1828 pro
615 1757 661 1813 ilio
676 1761 821 1814 innocente
840 1759 894 1814 tilio
911 1769 958 1816 tuo
1009 1772 1087 1814 mere.
1112 1758 1190 1816 ddsit
1208 1760 1273 1815 milri
1298 1761 1325 1816 in
1346 1760 1485 1830 periculis,
1510 1760 1585 1818 adsit
1608 1763 1638 1819 in
1663 1766 1803 1836 angustiis.

163 1847 295 1904 crucidao
318 1847 494 1919 pertransivit
507 1847 614 1917 gladius
638 1848 757 1902 aniruam
782 1854 856 1902 tuam
880 1846 955 1916 (Lar.
1009 1848 1080 1905 adsit
1103 1851 1132 1905 in
1153 1851 1288 1923 principio
1314 1851 1414 1908 letitiae
1439 1867 1516 1910 meae.
1535 1851 1565 1909 Sl
1590 1853 1668 1910 enim
1695 1856 1749 1912 boc
1763 1857 1805 1913 ilci

164 1956 196 2006 u,
213 1939 270 2010 55),
286 1938 422 2010 quomodo
443 1952 526 2009 snper
539 1938 654 1996 mortuis
677 1938 722 1970 ¹¹⁸²
736 1938 763 1993 in
783 1948 895 2009 peccato
909 1954 958 2009 pu·
1008 1947 1080 2001 dono
1092 1957 1120 2001 et
1135 1956 1182 2002 tuo
1199 1961 1307 2004 mercor
1320 1945 1367 1982 ¹⁸²⁸
1385 1947 1523 2014 obtinere,
1544 1947 1711 2007 nuliatenus
1724 1960 1803 2015 cene,

164 2029 235 2099 pillis
249 2030 305 2086 tuis
320 2039 346 2085 te
361 2030 517 2095 continere;
538 2028 676 2101 quonrodo
689 2044 808 2101 unquam
823 2033 958 2088 maternis
1008 2052 1147 2108 nunquam
1174 2037 1296 2098 iunditus
1320 2053 1418 2096 uereor
1445 2039 1529 2112 279
1555 2041 1688 2098 interire.
1715 2042 1805 2097 uiderit

165 2123 211 2154 ¹³⁸¹
225 2120 335 2178 fletibus
352 2131 380 2176 et
400 2121 539 2194 lacrimis.
557 2136 574 2176 ⁰
596 2121 716 2186 domina,
740 2121 843 2192 poteris
857 2129 958 2193 tempe·
1007 2128 1081 2183 enim
1104 2144 1212 2199 semper
1236 2131 1303 2185 milri
1324 2132 1413 2202 gratia
1437 2143 1493 2197 tua,
1506 2131 1600 2188 aderit
1624 2133 1767 2189 miseratio
1780 2140 1804 2187 et

165 2215 247 2271 rare?
273 2214 475 2280 Abstrabimur,
507 2215 660 2286 diripimur,
687 2215 873 2284 captivamuri
902 2229 956 2270 non
1009 2222 1144 2291 protectio
1157 2230 1212 2278 tua.
1226 2223 1297 2279 Etsi
1312 2225 1338 2281 in
1352 2223 1486 2281 infernum
1499 2224 1547 2259 ¹⁸⁷⁸
1560 2226 1710 2282 demersus
1722 2226 1802 2295 luero,

163 2315 206 2363 cst
216 2307 263 2377 qui
273 2316 353 2362 eruat
366 2305 423 2378 ¹⁸⁶⁸,
439 2321 493 2362 non
507 2306 606 2378 estqui
619 2306 736 2362 redimat
757 2305 814 2373 ¹⁸⁸⁸,
832 2305 878 2376 qui
893 2320 959 2361 cou-
1008 2327 1041 2367 eo
1061 2327 1104 2368 me
1119 2313 1256 2382 requires,
1273 2325 1300 2369 et
1313 2315 1376 2370 inde
1393 2330 1437 2371 rue
1451 2317 1583 2372 extrahes
1598 2316 1658 2383 ¹⁸¹⁸,
1673 2328 1704 2373 et
1715 2318 1802 2372 reddes

162 2407 257 2472 surgat
276 2398 394 2457 dilaculo
410 2409 438 2456 et
453 2399 584 2469 spondeat
609 2398 656 2431 ¹⁸⁶⁵
677 2413 727 2469 pro
743 2396 832 2454 uobis.
859 2398 957 2468 Surge,
1006 2402 1063 2460 iilio
1077 2412 1133 2471 tuo,
1145 2405 1192 2475 qrri
1208 2420 1252 2462 mc
1265 2406 1381 2463 redemit
1389 2414 1418 2461 et
1430 2406 1496 2462 larit
1511 2408 1649 2478 sauguine
1662 2423 1724 2475 suo,
1736 2406 1794 2463 lesu

164 2488 223 2557 pia;
247 2503 338 2558 surge,
354 2481 491 2560 propitia;
506 2489 579 2544 intra
599 2489 750 2545 sacrarium
762 2487 956 2553 exauditionis,
1007 2497 1117 2555 christo
1134 2498 1249 2554 nomino
1270 2508 1364 2557 nosue
1384 2499 1441 2567 Μ’,
1463 2501 1509 2571 qui
1525 2515 1590 2557 cum
1607 2501 1693 2560 Patre
1706 2513 1734 2558 et
1746 2499 1801 2572 spt-

163 2588 192 2634 οι
211 2581 335 2651 expande
359 2595 457 2636 manus
483 2580 673 2636 immaculatas
695 2589 758 2636 aute
782 2580 867 2639 altare
891 2579 956 2636 illud
1006 2587 1062 2644 ritu
1074 2596 1171 2646 sancto
1182 2589 1284 2645 visitet
1296 2599 1392 2662 regnat
1406 2590 1478 2647 Deus
1493 2590 1553 2645 ¹¹⁷⁸.

165 2685 276 2728 aureum
291 2672 417 2728 burnanm
439 2671 675 2729 reconciliationis.
695 2672 754 2728 Erit
771 2687 820 2744 per
832 2681 859 2728 te
873 2673 957 2743 impc-
1201 2697 1331 2757 opimo
1347 2700 1367 2754 L
1390 2699 1439 2773 [og
1452 2700 1549 2775 xiix]
1564 2701 1611 2735 sn·

166 2762 263 2820 trabile
285 2764 357 2833 qarod
378 2779 426 2834 per
441 2773 468 2820 tc
483 2764 641 2835 ingerimus,
664 2764 718 2820 erit
732 2778 782 2836 per
796 2773 823 2818 to
839 2778 956 2819 excusa·
1167 2807 1201 2845 A„
1218 2807 1339 2848 smum
1353 2809 1482 2849 mmm
1497 2809 1615 2850 mm·

164 2853 217 2910 bile
235 2853 282 2886 ²⁸⁵⁸
299 2855 371 2925 quod
386 2855 521 2910 iilfleffliss·
537 2853 648 2912 Necdiu
663 2857 764 2925 9⁰¹⁰ii¹
779 2864 804 2910 ¹⁸
817 2855 955 2911 ⁵⁰⁸¹i¹¹⁰i⁰
1006 2875 1072 2930 Cum
1091 2876 1269 2932 recordatione
1288 2889 1473 2947 peccatorum,
1504 2879 1540 2933 od
1558 2879 1732 2935 excitandum
1756 2891 1799 2935 tor·

163 2961 213 3018 pro
226 2947 305 3004 uobis
318 2946 525 3019 supplicantem,
547 2961 627 3018 qrrcm
644 2955 671 3001 tu
686 2947 836 3018 saepissime
857 2960 955 3002 conso·
1354 2964 1455 3017 parem.

163 3036 218 3093 lata
239 3050 281 3104 es,
304 3037 390 3094 dulcis
416 3047 517 3104 mater,
540 3036 672 3093 inlautem
697 3039 866 3108 vagientem.
887 3012 990 3105 (itereC
1042 3035 1151 3110 Sapcta,
1163 3048 1191 3094 ct
1201 3037 1545 3110 intersanctospostileum
1554 3041 1731 3112 singulariter
1746 3059 1800 3100 sart·

162 3139 227 3200 ergo
245 3130 382 3200 potentior
402 3130 508 3187 meritis
523 3130 557 3187 etl
582 3129 742 3201 placandam
759 3131 826 3185 iram
838 3128 952 3199 iudicis,
1006 3127 1165 3196 cta,biaria,
1177 3139 1264 3185 mater
1278 3130 1627 3203 admirabilisvirginitatis,
1640 3133 1724 3205 rirgo
1737 3149 1799 3189 rura-

160 3231 243 3289 quam
257 3228 285 3275 tu
300 3234 362 3290 quse
384 3221 506 3277 meruisti
529 3228 618 3277 mater
628 3234 689 3276 csse
706 3220 825 3292 ejusdem
839 3219 954 3277 Bedmu-
1007 3220 1069 3276 bilis
1083 3219 1264 3285 lecuuditatis,
1276 3236 1336 3291 otro
1347 3221 1444 3278 Filium
1457 3223 1590 3279 ditissimi
1602 3224 1736 3294 genuisti,
1749 3239 1801 3294 oure

161 3312 248 3388 ptoris
272 3321 300 3369 et
319 3312 441 3382 iudicis?
464 3312 503 3369 Nc
520 3314 627 3370 dubites
653 3313 719 3377 ¹⁵⁶⁷,
746 3313 855 3370 domina
877 3329 953 3380 rnea;
1009 3310 1116 3380 perdito
1129 3311 1523 3382 bumanogencriSalsatorem
1536 3314 1683 3384 peperisti,
1700 3317 1800 3370 limuina

137 3394 140 3399 ’
160 3403 219 3470 ipse
232 3402 305 3456 enim
320 3413 361 3458 est
372 3418 402 3457 os
416 3419 506 3458 meum
521 3413 547 3460 et
567 3419 632 3459 caro
646 3418 717 3466 mea.
730 3403 851 3460 salutaro
864 3418 954 3460 mcum
1009 3402 1173 3474 praefulgens
1184 3412 1259 3459 tanto
1271 3405 1427 3470 sanctitate,
1445 3405 1720 3477 supereminentem·
1732 3416 1800 3461 tatrta

161 3501 188 3544 et
201 3491 285 3560 gloria
298 3506 359 3547 mea
373 3492 430 3558 ¹⁸⁸⁸,
446 3493 504 3562 ipse
517 3501 599 3564 caput
614 3501 749 3562 nostrum,
765 3495 820 3564 ipse
835 3497 955 3566 cognonit
1008 3491 1152 3564 dignitate,
1171 3509 1253 3564 riuam
1271 3495 1366 3566 utique
1383 3504 1486 3550 certum
1507 3505 1549 3552 est
1567 3511 1623 3551 non
1650 3499 1747 3554 minori
1761 3497 1799 3530 ¹¹⁸¹

161 3581 313 3650 ,immatura
326 3592 443 3637 nostrum
454 3582 540 3654 (Psoi.
553 3598 601 3651 err,
615 3584 672 3654 idi.
867 3602 870 3607 ·
1006 3583 1146 3653 praeditam
1159 3597 1221 3641 cssc
1237 3584 1285 3617 ¹⁸⁸¹
1302 3585 1424 3654 potentia
1437 3596 1464 3641 ct
1479 3586 1594 3657 pictate.
1611 3584 1688 3656 Tibi,
1702 3588 1799 3660 ogeri·

198 3671 285 3728 Decus
297 3672 443 3743 virgiuum,
460 3674 569 3730 dominu
591 3675 722 3747 gentium,
738 3677 830 3748 regina
845 3678 954 3748 angelo-
1007 3676 1059 3730 trix
1072 3674 1148 3741 ritae,
1166 3691 1183 3731 o
1203 3685 1290 3731 mator
1309 3675 1422 3744 salutis,
1446 3692 1463 3732 o
1493 3678 1626 3749 templum
1652 3681 1761 3752 pietatis
1777 3690 1801 3736 et

162 3779 234 3829 rum,
246 3761 308 3820 ioue
322 3765 476 3833 hortorum,
498 3768 601 3824 ablutio
615 3777 801 3839 peecatorum,
817 3780 911 3827 sancta
925 3780 954 3828 et
1007 3766 1213 3833 misericordiae,
1228 3767 1277 3822 tibi
1291 3782 1350 3824 sese
1370 3778 1485 3825 conatur
1503 3779 1677 3839 praesentare
1695 3774 1798 3828 nuisem-

161 3865 289 3926 perpetua
321 3857 396 3928 virgo
423 3858 518 3925 diaria,
539 3875 669 3917 succurre
693 3861 806 3928 misero,
837 3863 952 3919 subveni
1007 3858 1070 3915 bilis
1086 3859 1173 3914 anima
1187 3874 1257 3923 urea,
1272 3862 1374 3916 morbis
1390 3853 1517 3916 vitiorum
1528 3861 1798 3932 languidarummt·

161 3946 283 4016 perdito;
303 3957 334 4003 ut
353 3949 399 4017 qui
414 3951 481 4020 jam,
504 3950 572 4019 prob
588 3951 683 4007 dolor!
701 3967 755 4007 non
775 3953 857 4008 audet
870 3967 954 4024 ange·
1008 3954 1059 4008 bus
1073 3951 1223 4007 sucinorum
1240 3953 1286 3985 ¹⁸⁸³
1302 3954 1404 4016 scissa,
1420 3954 1557 4010 ulceribus
1573 3955 1743 4026 flagitiorum
1758 3956 1799 3990 ¹⁸⁸⁸

160 4036 241 4094 licam
257 4037 331 4093 illam
350 4052 462 4109 sperare
482 4040 579 4095 stolam
605 4041 778 4112 rirgirralorrr;
802 4043 866 4108 tuis,
895 4042 952 4112 glo·
1011 4043 1131 4113 putrida,
1148 4043 1194 4098 tibi
1208 4044 1305 4100 uitimr
1326 4053 1457 4114 qrranturu
1472 4045 1638 4104 moribunda
1659 4051 1730 4106 valet
1742 4065 1799 4121 sup·

797 4151 916 4210 lentie
934 4150 1138 4210 Lectiones.

197 4266 242 4299 ¹¹⁰⁷
271 4265 311 4320 'iu
335 4267 443 4321 domina
468 4266 560 4322 dixisti
591 4283 640 4320 nra.
660 4268 734 4320 orrtit.
762 4276 790 4320 tu
812 4267 943 4323 domiun‘
987 4267 1034 4302 ¹⁸⁸⁸
1063 4266 1164 4322 Sancta
1195 4277 1282 4322 mator
1314 4268 1484 4324 immaculata
1513 4286 1566 4324 erra.
1590 4283 1688 4329 sancta
1717 4283 1796 4329 mater

160 4338 257 4402 unica,
283 4345 370 4391 mater
394 4336 566 4392 immaculata
594 4337 679 4390 bluter
710 4336 866 4406 incorrupta
900 4345 988 4394 mater
1019 4336 1213 4394 misericordiae
1237 4355 1286 4392 arr.
1319 4336 1434 4393 Vol-luc.
1456 4350 1542 4395 rnater
1575 4343 1735 4413 incorrupta
1753 4346 1796 4398 mi·

159 4406 317 4463 scricordiar
354 4406 400 4443 ¹⁵⁵⁸
420 4404 550 4463 Nudiset
571 4407 672 4461 attritis
695 4411 746 4460 nra.
765 4408 896 4463 nudusct
917 4408 1026 4464 attritus
1063 4405 1182 4462 ²⁵⁵⁰Non
1200 4407 1336 4463 erubescit
1355 4425 1405 4462 ors.
1430 4427 1483 4463 uon
1502 4411 1615 4466 arribuit
1666 4415 1712 4447 ¹⁸⁶¹
1733 4415 1796 4482 Quo

159 4479 240 4534 modo
268 4491 350 4547 super
376 4478 489 4532 nuntuis
513 4495 562 4532 mr.
583 4476 699 4532 Vol-luc.
732 4478 870 4545 nuornodo
902 4492 1020 4548 unquam
1049 4492 1131 4549 super
1161 4479 1274 4532 rrtortuis
1333 4477 1378 4509 ¹⁸⁶¹
1396 4477 1536 4545 Quomodo
1571 4486 1708 4540 maternis
1741 4501 1794 4537 rurs.

159 4547 295 4617 quomodo
326 4548 608 4668 urnprammuatemis
659 4545 776 4601 ¹⁸⁰³Non
806 4555 848 4601 est
875 4548 921 4618 riui
953 4557 1031 4604 cruat
1051 4565 1103 4603 nou
1124 4549 1229 4616 estqui
1259 4548 1373 4602 redimat
1395 4566 1443 4604 nrr.
1465 4547 1585 4606 l'ol-lnc.
1608 4570 1666 4609 uon
1692 4554 1794 4624 estqui

159 4626 239 4671 cruat
262 4618 307 4686 qm
333 4619 458 4680 rerimat,
481 4625 533 4672 etc.
586 4616 632 4650 ¹⁸⁰³
651 4616 709 4673 Nou
727 4626 769 4671 est
787 4617 833 4686 qui
862 4618 977 4673 rettmat
999 4635 1049 4673 ms.
1063 4619 1108 4679 oui
1128 4618 1227 4687 eripiat
1264 4618 1310 4651 ¹⁸⁶⁸
1332 4619 1364 4672 iit
1384 4622 1546 4689 respoudeat
1565 4639 1618 4678 ms.
1642 4622 1794 4679 Vol-lecet

160 4687 324 4756 respondeat
360 4686 474 4742 ιωΡοο
487 4695 514 4742 te
535 4688 692 4743 excusabile
706 4703 770 4748 mre.
792 4697 867 4743 certe
891 4688 1048 4745 excusabile
1063 4688 1108 4721 ¹³⁶⁷
1128 4687 1182 4743 Noc
1204 4689 1311 4744 dubites
1329 4705 1393 4743 nris.
1413 4705 1447 4744 ne
1465 4690 1574 4748 dubites
1615 4696 1665 4728 ¹⁸⁸⁸
1679 4697 1795 4751 Saturne

62 4774 64 4778 ⁸
160 4756 539 4827 rrrcoroctgloriamcaoras.
556 4758 713 4812 tueamur.
753 4757 799 4790 ¹³⁶⁹
815 4757 879 4812 Tuis
890 4757 1016 4828 gloriosis
1030 4775 1094 4813 urse.
1112 4759 1173 4816 tuis,
1209 4758 1306 4812 loriosa
1344 4758 1390 4790 ¹³¹⁰
1408 4757 1502 4813 Vestra
1519 4771 1547 4815 et
1562 4775 1718 4820 concentus
1741 4781 1796 4818 rare.

160 4829 245 4880 urraitt.
266 4833 294 4881 ct
331 4827 376 4858 ¹⁵⁷¹
391 4826 601 4899 supplicationis
621 4843 688 4883 meae
701 4845 751 4882 ma.
772 4825 885 4880 Vol-lac.
905 4827 989 4882 omitt.
1010 4843 1077 4882 mem
1131 4773 1525 4898 ¹⁸⁷¹indtguusmanimltgua
1571 4833 1620 4866 ¹⁸⁷⁸
1640 4834 1794 4906 liogo,pre·

159 4913 209 4950 cor
222 4906 250 4950 ot
265 4895 397 4966 supplicio
412 4914 473 4951 rrrss.
490 4913 567 4965 rogo,
584 4898 636 4953 boc
655 4912 737 4952 utrium
755 4912 854 4968 precor
867 4914 917 4950 ms.
936 4896 1051 4951 vatter.
1068 4898 1124 4952 Hoc
1139 4913 1220 4951 uuum
1237 4913 1311 4965 rogo,
1338 4899 1390 4953 boc
1418 4914 1500 4952 numu
1530 4916 1631 4969 precor
1649 4912 1678 4959 ct
1691 4905 1795 4961 obsecm

160 4968 208 5006 ¹⁸⁷⁸
222 4966 251 5021 st
266 4969 338 5021 enim
362 4967 420 5026 Dei,
436 4977 462 5021 ot
482 4967 554 5022 dono
573 4978 618 5022 tuo
635 4969 685 5022 lroc
698 4982 805 5023 mereor
820 4983 883 5020 nter.
903 4967 1011 5022 sienim
1033 4969 1085 5021 lroc
1104 4969 1150 5022 llei
1166 4969 1240 5022 dono
1253 4976 1278 5021 ot
1301 4981 1346 5021 tuo
1364 4982 1475 5034 ›rrreireor
1512 4972 1559 5004 ¹¹⁷⁵
1575 4973 1603 5027 ln
1619 4974 1729 5030 interno
1742 4991 1794 5028 mss.

159 5039 186 5093 in
204 5037 341 5092 infernum
377 5034 425 5071 ¹⁶⁷⁶
439 5037 503 5092 inde
517 5039 645 5092 eutrabes
660 5054 724 5092 msa.
740 5037 802 5092 iude
819 5038 1003 5093 mooatrabes
1039 5039 1084 5076 ¹⁸¹²
1103 5038 1168 5093 lesu
1189 5039 1297 5092 Christo
1308 5038 1421 5093 [lomiuo
1443 5048 1537 5096 nostro
1551 5059 1617 5098 orsa.
1633 5042 1716 5100 lesus
1728 5044 1794 5101 curi·

159 5119 218 5163 stus
239 5107 369 5163 ilominus
389 5117 483 5162 noster
521 5107 568 5138 ²³⁷⁸
591 5108 625 5161 Et
646 5122 675 5162 re
695 5107 829 5162 natlleus
851 5124 901 5162 ms.
929 5106 1045 5162 Vol-lac.
1068 5119 1095 5162 et
1117 5116 1212 5177 regnat
1232 5107 1303 5162 ilcns
1328 5122 1377 5177 per
1401 5109 1492 5161 onmia
1517 5113 1611 5168 secula
1639 5117 1793 5170 seculorum.

157 5183 246 5232 Areten
296 5176 663 5232 ¹⁸¹·collmaencmrttn.
706 5176 993 5233 traduceretis.
1012 5179 1040 5234 5.
1060 5177 1340 5233 Bec.i).Corlr.ib'0.
1359 5176 1426 5232 Tiro.
1450 5178 1660 5239 illiceretur.
1684 5184 1794 5238 tut-nr.

157 5258 181 5300 et
195 5245 272 5319 Flor.
288 5248 329 5304 tid
344 5247 376 5301 B.
392 5247 504 5302 Mariam
519 5245 659 5310 Virginem
677 5263 738 5303 cum
754 5247 945 5304 recordatione
975 5258 1131 5304 creatorum
1146 5265 1195 5301 ms.
1212 5246 1279 5301 l'ict.
1297 5246 1324 5300 3.
1336 5247 1373 5313 ad
1391 5259 1514 5304 sanctam
1532 5251 1677 5322 Virginem
1693 5253 1740 5309 ilci
1750 5252 1795 5308 Ge

160 5317 285 5372 nitricem
301 5334 363 5372 mar.
385 5316 452 5372 liet.
468 5317 512 5372 td.
526 5327 551 5371 et
560 5315 586 5371 F
587 5317 637 5371 lor.
652 5317 746 5374 Oratio
759 5319 793 5373 ad
804 5326 927 5374 sanctam
969 5319 1053 5372 ariam
1067 5335 1117 5373 ms.
1133 5317 1212 5372 Cori.
1227 5317 1362 5387 incipiunt
1375 5317 1519 5374 Orationes
1531 5320 1626 5379 Beata
1641 5324 1793 5380 dadam.

160 5383 229 5439 Tlrn.
241 5387 336 5444 Oratio
347 5389 433 5457 prima
447 5389 480 5444 ad
498 5399 622 5444 sanctam
638 5387 751 5444 Mariam
763 5404 825 5444 cum
840 5404 918 5444 ruens
940 5398 1070 5513 protatur
1086 5401 1203 5456 torpore.
1219 5386 1251 5441 in
1265 5404 1315 5441 mr.
1334 5384 1449 5442 Vol-lue.
1470 5401 1541 5444 curet
1560 5393 1641 5448 ruste
1695 5395 1740 5427 ¹¹⁸·
1752 5392 1796 5447 Se

161 5458 322 5520 perveniens
350 5474 413 5512 nris.
429 5474 512 5528 super
525 5474 623 5514 nornen
634 5459 757 5514 eminens
770 5475 832 5514 mre,
847 5457 924 5513 Reor.
965 5460 1010 5512 iet.
1024 5459 1051 5513 b,
1064 5458 1154 5513 Currit.
1175 5469 1199 5512 et
1216 5456 1332 5511 Vol-lac.
1345 5461 1554 5528 supereminens
1593 5463 1643 5496 ¹⁸⁸²
1659 5464 1721 5521 Non
1735 5463 1795 5519 mori

161 5536 224 5575 mss.
239 5525 329 5580 Curtii.
350 5527 416 5581 Vict.
432 5541 455 5583 et
474 5528 591 5583 l'ni-loc⁴
615 5544 668 5585 uon
684 5530 782 5583 minori
822 5530 868 5562 ¹³⁰¹
885 5529 1047 5584 Praeclaram
1071 5545 1131 5584 esse
1145 5544 1208 5582 mre.
1228 5529 1368 5596 praeditam
1387 5544 1449 5584 esse
1487 5530 1534 5562 ¹⁵⁸⁸
1551 5531 1721 5590 Vulneribus
1741 5533 1795 5587 lari·

164 5604 259 5647 normu
273 5612 321 5649 ms.
347 5594 415 5652 Vim.
439 5600 480 5654 td.
496 5599 630 5657 ulceribus
655 5599 805 5655 facinorum
846 5599 892 5633 ¹³⁸¹·
910 5599 1052 5657 Ulceribus
1065 5600 1229 5671 flagitiorum
1245 5614 1293 5652 nte.
1320 5596 1385 5652 l'iet.
1402 5600 1443 5654 ld.
1460 5602 1622 5661 uulneribus
1637 5606 1794 5678 flagitiorum
