3690 6008
113 266 161 322 {29

784 258 862 314 ttva
883 260 1042 316 huntttttt.

1691 267 1742 323 150

114 379 309 450 redemptinre,
332 390 379 431 cas
413 374 451 428 illi
482 371 628 443 aliqnando
650 371 790 428 Pascbalis
825 389 895 443 papa
918 376 1099 442 Artitmsper
1121 373 1287 430 investiturae
1309 377 1477 448 privilegium
1504 378 1667 447 composita,
1693 398 1742 452 per
1814 414 1820 431 ·

94 533 96 536 ,
115 468 372 540 impunepermittet
386 466 496 522 babere.

147 562 204 615 lloc
216 560 310 628 itaque
324 573 399 628 papae
413 571 560 626 responso,
577 570 658 609 causa
681 553 827 609 secundum
849 555 904 609 hu-

112 650 226 704 sehnnm
241 660 338 705 contra
351 663 442 716 regem
457 647 566 702 defluita
580 653 631 700 est.
644 644 697 698 aut
711 645 833 701 scribunt
850 646 905 701 hn-

110 742 222 794 sclmnm
238 739 375 794 audivisse
389 737 546 792 paschalem
558 752 653 807 papam
666 735 739 790 illam
753 752 905 793 excommn-

111 831 255 886 nicationis
274 830 437 885 sententiant
462 830 489 883 ln
513 830 598 885 laicos
611 831 784 887 investituras
799 831 903 893 damea,

105 930 137 974 et
154 919 270 974 clericos
281 934 328 972 eas
338 934 352 971 a
364 917 439 972 laicis
452 919 591 987 capientes
603 919 803 983 fulminantem,
819 931 905 986 eaque

109 1008 296 1078 perterritum,
312 1007 502 1077 principiano,
525 1023 540 1062 a
556 1008 705 1078 majoribus
717 1023 773 1064 snrs
784 1005 829 1075 jus
839 1020 905 1061 verv-

109 1099 223 1164 dicanti,
239 1099 394 1154 eonseutire
410 1111 463 1151 uon
480 1113 586 1154 ausum.
601 1098 668 1152 Nam
689 1097 716 1151 in
738 1097 783 1151 illa
797 1111 906 1152 excom·

102 1188 299 1243 munientinne
313 1199 381 1256 papa
396 1183 549 1252 bnjnsruodi
564 1186 656 1240 verbis
669 1200 735 1239 usus
749 1197 811 1240 est:
827 1199 905 1239 exse·

99 1278 214 1334 -crabile
237 1279 323 1333 videri
338 1295 446 1344 manns,
468 1292 529 1347 quar
555 1276 581 1330 in
606 1284 708 1332 tautam
730 1276 905 1332 eminentiam

99 1379 301 1435 excreverant,
316 1379 355 1438 nt,
367 1370 439 1440 quod
450 1368 516 1424 nulli
528 1369 840 1440 htrglorumcnncessnm
851 1376 903 1432 est,

100 1461 255 1517 Dominum
270 1470 368 1516 cuncta
383 1471 520 1517 creantem
532 1476 581 1515 sttn
596 1460 746 1515 ministerio
759 1467 862 1524 creent,
877 1469 905 1514 et

107 1552 236 1605 eumdem
260 1544 347 1622 ipsum
376 1568 425 1622 pro
451 1552 636 1622 redemptione
663 1563 691 1606 et
712 1550 798 1606 salute
821 1552 904 1606 totins

107 1640 204 1694 rnnndi
216 1639 316 1694 summi
335 1640 383 1695 Dei
395 1640 486 1695 Patris
499 1640 640 1697 obtutibus
654 1639 780 1709 niterent,
794 1641 820 1695 in
834 1641 904 1696 banc

956 463 1020 517 illud
1033 464 1136 534 papalis
1157 480 1210 519 ιιι]
1233 476 1430 522 sacramentum
1446 470 1484 523 sic
1508 467 1667 526 confirmata
1690 485 1742 528 est.

955 551 1026 623 Papa
1045 554 1185 609 celebrans
1203 555 1359 624 imperatori
1376 570 1577 617 sacramentnm
1597 561 1640 616 bis
1653 563 1743 617 veritis

955 645 1075 713 porrexit
1094 647 1230 701 :Domine
1252 649 1415 718 imperator,
1439 652 1490 707 lvoo
1514 669 1612 722 corpus
1635 653 1741 709 Domini

955 744 1048 791 nattum
1064 753 1098 792 ex
1121 738 1203 792 blavia
1222 739 1341 809 Virgine,
1358 757 1467 810 passum
1484 745 1509 799 iu
1524 761 1605 801 eruce
1619 757 1668 817 pro
1689 763 1743 802 rto-

955 828 997 882 bis
1009 828 1079 883 sicut
1096 839 1189 884 saneta
1206 839 1233 883 et
1246 832 1392 900 apostoliea
1408 842 1482 888 tenet
1499 835 1631 903 Ecclesia,
1647 838 1743 894 clamne

956 919 1003 972 tibi
1028 918 1053 972 iu
1072 919 1304 975 confirmationem
1326 937 1398 978 verte
1418 925 1493 993 pacis
1513 925 1583 980 iuter
1603 940 1646 980 me
1665 935 1692 982 et
1706 935 1742 983 te.

955 1011 1122 1082 Snmptoqne
1140 1022 1321 1080 sacramento,
1347 1014 1520 1085 imperatoris
1539 1031 1643 1086 pacem,
1661 1020 1744 1075 amis·

955 1104 1030 1159 sinue
1044 1104 1265 1158 investiturarum
1281 1120 1349 1174 papa
1368 1116 1532 1162 consecutus
1547 1118 1597 1163 ost.

990 1193 1066 1247 Nune
1077 1192 1273 1248 adhrrsclmum
1288 1193 1440 1262 redeamus,
1453 1197 1498 1267 qui
1510 1197 1744 1256 llnmadiscedens

954 1280 1114 1353 Lugdunum
1131 1283 1263 1351 pervenit.
1279 1282 1327 1338 Cui
1341 1300 1391 1337 una
1411 1285 1472 1341 illuc
1487 1286 1661 1356 proficiscens
1672 1291 1745 1359 regis

930 1374 1059 1445 ,legatus
1082 1372 1251 1440 Guillelmns,
1267 1388 1300 1428 ex
1324 1374 1395 1445 regis
1419 1377 1546 1430 mandato
1563 1377 1745 1434 interdixitln

954 1463 1076 1534 Angliam
1089 1465 1216 1531 reditum,
1233 1465 1283 1519 nisi
1303 1480 1398 1521 omnes
1413 1467 1488 1538 regni
1505 1471 1713 1528 consuetudines
1728 1488 1744 1526 a

954 1563 1031 1624 patre
1045 1568 1078 1608 ae
1093 1552 1177 1607 fratre
1191 1553 1263 1623 regis
1276 1563 1395 1610 retentas
1407 1569 1440 1610 ac
1452 1554 1621 1622 observatas,
1633 1575 1662 1615 se
1673 1576 1739 1630 qun-

954 1657 1008 1713 que
1026 1648 1198 1697 serratarum
1223 1653 1299 1698 certo
1315 1647 1497 1715 promitteret,
1522 1651 1671 1717 postposita
1687 1651 1746 1707 sedi

107 1730 288 1798 ignominiam
303 1732 373 1787 tradi
389 1740 418 1786 nt
441 1732 545 1787 ancillae
561 1733 627 1787 hant
646 1748 739 1788 earnm
764 1747 903 1799 mannum,
920 1717 1083 1791 Bllomarne
1095 1735 1265 1806 subiectione
1280 1745 1307 1790 et
1325 1736 1488 1792 obedientia.
1507 1737 1561 1794 Sed
1574 1740 1717 1796 Anselruns
1731 1759 1746 1796 ι

105 1838 171 1890 quae
195 1822 239 1876 die
265 1838 297 1876 ac
315 1831 395 1878 nocte
420 1824 544 1879 obscenis
566 1823 700 1891 contagiis
718 1822 902 1892 inquinantur,
954 1828 1086 1882 sententia
1099 1827 1240 1883 discedere
1248 1828 1342 1881 noluit.
1352 1828 1442 1899 ltaque
1456 1829 1576 1898 Lugenui
1588 1833 1744 1887 cumarcbi·

108 1914 214 1982 rapinis
230 1925 259 1968 et
274 1913 380 1983 injustae
402 1914 543 1985 sanguinis
565 1913 688 1970 effusioni
704 1914 817 1969 addictae
831 1929 905 1968 cnm·
954 1918 1080 1989 episcopo
1094 1917 1204 1989 llugnue
1222 1920 1339 1974 triennio
1353 1933 1421 1989 pene
1437 1929 1492 1975 toto
1515 1923 1672 1992 permansit.
1689 1922 1746 1977 llex

107 2005 295 2060 arracnlautnr.
322 2004 431 2061 Certum
451 2007 522 2061 enim
550 2014 591 2062 est
619 2005 764 2061 llenricnm
791 2006 905 2075 impera·
955 2024 1048 2065 omnes
1080 2010 1326 2080 archiepiscopatus
1351 2010 1453 2066 reditus
1486 2011 1513 2067 in
1542 2013 1746 2070 flscumdeferri

106 2105 198 2152 torem
215 2097 328 2152 hornam
350 2099 383 2152 ad
399 2099 546 2154 sedandam
568 2099 640 2154 bauc
657 2099 820 2154 discordiam
844 2114 904 2169 ιιι
952 2098 1043 2168 jussit,
1061 2098 1172 2153 tandem
1198 2114 1246 2169 per
1268 2098 1379 2155 adelam
1408 2101 1575 2156 comitissam
1591 2103 1746 2159 Dlesenscnt

109 2196 185 2248 inter
208 2209 299 2266 regem
323 2203 351 2249 et
374 2195 474 2251 clerum
488 2203 578 2266 coepta
592 2202 672 2258 esset,
689 2204 816 2265 tanquam
831 2195 905 2251 orbis
956 2192 1027 2260 regis
1043 2194 1178 2255 sororem,
1203 2191 1253 2245 bne
1266 2206 1330 2246 casn
1346 2191 1489 2247 huselmus
1504 2195 1560 2262 regi
1586 2196 1746 2250 reconcilia·

109 2286 261 2340 Christiani
289 2285 456 2354 scandalnm,
485 2287 602 2342 venisse.
627 2284 683 2340 llnc
711 2294 801 2341 antem
831 2286 905 2341 inve·
957 2292 1010 2349 tur,
1025 2292 1052 2337 et
1067 2283 1100 2338 ad
1115 2282 1430 2353 archiepiscopntnsjura
1444 2285 1584 2340 restitutus
1595 2294 1647 2341 est.
1659 2287 1744 2345 hdela

109 2377 211 2432 stiendi
232 2377 278 2448 ius
303 2377 463 2448 aGrcgnrio
485 2378 600 2448 septimo
623 2377 696 2432 dicto
723 2375 905 2432 llildebrando
957 2379 1117 2451 gravissimo
1141 2388 1168 2433 et
1192 2378 1420 2448 periculosissimo
1447 2381 1541 2435 morbo
1567 2380 1611 2435 din
1639 2378 1746 2434 labora-

110 2469 223 2538 regibns
241 2469 346 2524 detrahi
358 2470 448 2541 capit.
466 2469 567 2524 Deinde
585 2467 815 2524 asuccessnribns
835 2465 904 2536 ejus,
955 2478 1040 2534 verat,
1060 2469 1093 2523 ad
1113 2469 1184 2523 hauc
1198 2469 1223 2522 iu
1240 2477 1313 2522 tanta
1332 2468 1453 2538 eorporis
1467 2469 1624 2524 infirmitate
1648 2485 1745 2525 cnuso-

109 2560 224 2615 Virtnrc
238 2570 266 2615 ct
283 2560 401 2626 Urbano,
416 2561 533 2615 maxime
558 2571 647 2616 autem
669 2575 684 2613 a
707 2558 840 2626 Paschali,
856 2557 906 2614 sub
937 2561 1062 2616 ,landam
1079 2561 1194 2616 accessit
1218 2558 1372 2614 hriselmns.
1398 2559 1480 2628 Cujus
1495 2560 1628 2616 adventus
1642 2571 1746 2616 ιιιιιιιιιι

108 2651 405 2706 excommnuicationis
418 2665 532 2705 censura
548 2650 723 2705 interdictum
738 2648 803 2717 fnit,
821 2650 868 2705 sed
891 2665 906 2704 a
955 2661 1054 2707 ettam
1083 2651 1253 2722 repentinum
1272 2651 1399 2722 gaudium
1421 2651 1566 2706 comitissae
1591 2662 1644 2705 tarn
1667 2668 1746 2723 aegrae

115 2747 325 2822 carolomagno
337 2746 531 2817 Franciaerege
545 2746 715 2816 imperatore,
728 2752 755 2800 et
767 2758 906 2814 asequcn-
956 2743 1047 2797 attulit
1058 2751 1087 2795 ut
1111 2741 1254 2812 profligato
1278 2741 1373 2796 morbo
1398 2741 1578 2797 valetudinem
1604 2757 1746 2813 recupera·

112 2839 187 2895 tibus
215 2837 437 2908 imperatoribus,
464 2839 509 2910 qni
541 2838 667 2892 trecentis
692 2836 806 2907 amplius
829 2837 906 2891 annis
956 2835 1036 2889 verit.
1049 2832 1143 2902 ltaque
1162 2848 1252 2904 regent
1281 2832 1392 2887 fratrem
1415 2831 1617 2888 Nerthmanniae
1639 2835 1748 2889 suardi-

110 2929 298 3000 imperabant,
318 2929 415 2999 quibus
429 2944 560 2985 annornm
574 2928 681 2985 sacculis
699 2929 838 3000 sexaginta
851 2939 906 2985 tres
957 2926 1022 2981 tinni
1037 2925 1189 2993 redigendo
1201 2934 1361 2995 occupatum
1380 2941 1429 2994 pro
1444 2925 1572 2981 Auselmn
1583 2927 1659 2993 adiit,
1675 2937 1703 2982 et
1721 2928 1746 2981 in

112 3017 229 3073 Ronraui
243 3018 485 3087 pontillcesordine
497 3019 581 3073 secuti
591 3026 663 3085 sunt,
673 3018 724 3073 bec
731 3018 903 3085 investiendi,
918 3054 939 3112 c
957 3016 1029 3084 regis
1042 3014 1205 3085 colloquium
1219 3016 1342 3069 adduxit.
1358 3013 1479 3069 'faudem
1501 3016 1527 3069 in
1549 3017 1620 3087 regis
1632 3017 1747 3088 gratiam

109 3115 139 3160 et
153 3106 179 3159 in
196 3106 395 3185 possessiouem
411 3106 535 3161 mittendi
549 3106 664 3160 clericos
678 3106 704 3161 in
720 3104 904 3161 ecelesiastica
957 3118 1068 3175 accepto
1080 3106 1218 3173 huselmo,
1230 3106 1305 3176 prior
1323 3106 1367 3161 illa
1385 3109 1418 3162 de
1432 3106 1617 3162 ecelesiarum
1636 3109 1748 3167 iuvesti-

112 3195 247 3253 bcnefrcia
263 3212 311 3267 per
324 3197 406 3266 virgae
418 3207 446 3251 et
458 3196 548 3251 annuli
563 3197 735 3251 traditionem
752 3195 907 3265 frequenta·
958 3199 1025 3253 turis
1038 3198 1234 3264 controversia,
1260 3215 1319 3269 quae
1341 3213 1388 3254 ens
1410 3194 1490 3254 autea
1506 3198 1683 3268 disjunxerat,
1696 3199 1747 3254 Pa·

95 3298 98 3303 ·
113 3295 172 3340 tum
183 3294 211 3340 ot
228 3294 362 3340 retentum
377 3283 437 3338 fuit.
455 3285 555 3340 Contra
568 3285 636 3339 banc
651 3284 789 3338 Caesarum
803 3283 906 3353 princi·
958 3289 1057 3344 schalis
1066 3288 1169 3356 judicio
1184 3289 1281 3343 iterum
1296 3288 1379 3343 relata
1394 3297 1443 3344 est.
1458 3288 1483 3344 ls
1494 3304 1527 3345 ne
1539 3290 1610 3361 regis
1626 3291 1747 3345 aniutum

110 3392 235 3447 pumque
256 3377 447 3431 anctoritatem
471 3385 498 3432 et
513 3374 736 3431 consuetudinem
759 3375 908 3430 censebant
958 3395 1038 3449 quem
1058 3379 1218 3434 irritabilcm
1232 3387 1311 3434 antea
1327 3388 1461 3444 senserat,
1478 3381 1504 3434 in
1525 3381 1682 3436 husebnnm
1696 3380 1748 3437 ite-

112 3467 235 3537 synndati
245 3468 349 3537 jndicio
362 3467 502 3536 pontifices
521 3481 571 3521 nec
587 3482 665 3536 posse
680 3482 730 3521 nec
743 3467 843 3522 debere
860 3481 908 3535 per
959 3486 1020 3525 rnrn
1044 3472 1216 3535 accenderet,
1244 3484 1294 3524 troc
1319 3479 1410 3524 tamen
1436 3469 1469 3525 de
1499 3469 1668 3525 investitura
1686 3467 1749 3539 jure

112 3556 909 3628 virgamneeperannulumepiscopatusautEcclesiaeali·
958 3563 1104 3632 quidquam
1122 3561 1283 3627 diseederet,
1309 3561 1424 3615 mediam
1451 3563 1596 3631 qnamdam
1623 3561 1649 3615 in
1670 3560 1749 3630 huius

112 3648 193 3717 cujus
208 3649 398 3705 investituram
414 3649 665 3718 possessionemque
681 3662 695 3701 11
718 3647 845 3717 principis
862 3655 909 3701 11111
959 3671 1047 3711 causae
1062 3655 1199 3710 decisione
1215 3655 1284 3708 riam
1298 3663 1407 3709 secutus
1420 3662 1472 3720 est,
1484 3660 1513 3708 nt
1528 3654 1673 3725 episcopia
1685 3669 1749 3725 rege

115 3740 536 3812 laicimannapprclrendi,etqni
547 3741 573 3796 id
583 3739 907 3796 facerentseutentialata
959 3754 1022 3799 aute
1046 3743 1178 3807 investiti,
1200 3758 1268 3812 quos
1291 3742 1432 3798 Pascbalis
1455 3744 1746 3807 excommunicaverat,

114 3833 398 3888 excommunicarent.
413 3831 765 3903 llaneirriturpotissimvu
784 3832 819 3885 ou
842 3846 908 3885 ιιι·
960 3838 994 3893 ab
1019 3836 1062 3890 ttta
1088 3836 1220 3889 seruantia
1244 3833 1426 3899 solveremur,
1450 3843 1477 3888 et
1503 3835 1530 3887 ιι
1556 3834 1666 3888 secunus
1690 3835 1749 3888 sats

115 3940 186 3989 ⁸³¹⁰,
203 3923 338 3978 “tuticus
354 3923 501 3994 {topetotot
515 3923 629 3977 Romam
648 3929 784 3992 properat,
805 3919 910 3991 Longo-
959 3925 1203 3987 coullrmarentur;
1228 3922 1287 3985 sed,
1307 3936 1341 3976 ue
1362 3920 1415 3974 tale
1438 3921 1502 3990 quid
1522 3921 1549 3975 in
1577 3930 1747 3990 posternma

116 4014 272 4083 bardosque
290 4014 316 4067 in
330 4014 373 4067 via
395 4012 444 4067 sibi
461 4013 618 4068 resistentes
631 4011 739 4066 fortiter
750 4013 908 4082 prosternit.
960 4025 1083 4090 regerat
1097 4015 1166 4070 laico
1186 4028 1345 4084 quocunqne
1368 4012 1424 4078 frat,
1444 4012 1515 4066 cavit
1539 4020 1620 4081 atque
1639 4013 1743 4067 statuit.

117 4105 187 4158 Tum
202 4104 489 4173 llorrram'ingrnssus,
504 4113 614 4174 accepto
628 4104 790 4170 diademate,
814 4118 910 4173 papam
960 4106 1020 4174 Quo
1030 4119 1108 4176 papan
1122 4106 1232 4160 decreto
1245 4118 1291 4156 rex
1307 4102 1454 4171 acquievit,
1473 4109 1499 4155 et
1510 4101 1669 4156 anselmum
1690 4117 1748 4156 orar-

118 4213 180 4251 cnm
204 4198 337 4267 episcopis
357 4206 385 4252 et
403 4199 585 4253 cardinalibus
611 4199 694 4269 capit,
720 4208 748 4253 et
771 4201 820 4253 snb
835 4210 909 4255 arcta
960 4197 1041 4251 nibus
1063 4194 1140 4250 bonis
1163 4203 1190 4249 et
1217 4193 1350 4248 fructibus
1366 4192 1454 4246 exsilii
1471 4202 1593 4262 tempore
1607 4206 1621 4245 ι
1637 4206 1666 4248 se
1687 4208 1749 4263 pcr-

119 4288 243 4341 rnstndia
268 4288 381 4343 detinet.
407 4289 453 4344 Die
480 4288 590 4343 Paschae
615 4289 799 4345 reconciliatio
824 4290 908 4346 inter·
962 4291 1047 4360 ceptis
1070 4297 1096 4342 et
1122 4287 1236 4343 retentis
1264 4285 1343 4357 plene
1368 4285 1497 4339 restituit.
1518 4285 1597 4339 Dedit
1615 4284 1698 4356 igitur
1722 4286 1748 4339 in

120 4378 205 4439 venit,
217 4394 271 4448 quo
293 4381 336 4433 die
349 4390 410 4450 post
423 4380 520 4435 lectum
544 4381 569 4433 in
589 4380 730 4435 missarum
747 4380 910 4434 solemnibus
926 4382 1084 4453 Dhngliam
1100 4379 1253 4442 huselmns,
1266 4393 1370 4433 snrnmo
1384 4378 1465 4432 totins
1479 4377 1569 4446 pnpnli
1590 4377 1718 4446 applausu
1733 4395 1748 4430 a

122 4470 308 4541 Evangelinm,
324 4474 357 4525 ad
372 4474 456 4526 altare
477 4473 660 4542 apostolorum
686 4473 758 4527 Pctri
775 4481 801 4527 ct
824 4473 910 4536 Pauli,

122 4563 251 4618 inncnlis
278 4579 359 4634 quam
381 4566 557 4634 plurimorum
584 4565 748 4636 principum,
773 4564 912 4620 Paschalis

123 4667 190 4723 papa
203 4654 314 4708 tradidit
328 4654 481 4723 imperatori
506 4655 687 4724 privilegium,
704 4664 734 4709 ut
749 4656 772 4710 is
787 4655 859 4710 snlns
884 4656 910 4708 iu

124 4758 172 4796 sun
187 4760 270 4815 regno
299 4745 474 4801 irarestituras
497 4747 689 4812 Ecclesiarnm,
717 4761 765 4815 per
781 4748 864 4816 virgae
885 4754 913 4800 et

124 4835 215 4888 annuli
238 4835 411 4890 traditionem
437 4837 463 4890 iu
490 4836 605 4892 clericos
633 4839 804 4904 transferret,
832 4838 869 4891 ita
888 4838 911 4892 si

126 4933 184 4991 post
205 4924 395 4980 investituram
421 4927 455 4981 ab
471 4927 607 4998 episcopo,
625 4925 702 4994 crrjus
718 4928 844 4982 dioecesis
859 4929 913 4981 sint

126 5015 246 5071 ccclesiae
261 5019 492 5073 consecrationem
511 5021 642 5075 carrenice
654 5019 798 5090 accipiant.
813 5021 848 5074 ht
863 5021 914 5076 hnc

129 5105 206 5161 modo
218 5106 377 5163 investiendi
393 5107 449 5176 jus,
465 5109 585 5179 synodadi
601 5119 704 5165 tautum
718 5111 914 5167 constitutione

128 5210 142 5246 a
157 5210 238 5266 papa,
252 5198 360 5253 crateris
375 5199 514 5269 demptum
534 5201 713 5270 principibus,
729 5201 755 5254 iu
771 5200 816 5254 illo
830 5216 914 5272 reguo

130 5286 213 5342 solum
222 5289 366 5353 retinetur,
381 5299 485 5346 tanturn
494 5302 547 5345 tarn
556 5293 876 5347 terrorisanathcmatum
888 5303 916 5348 et

128 5380 459 5438 excommunicatinnnrua
472 5398 540 5453 papa
555 5381 674 5453 projecta
687 5383 797 5438 fulmina
807 5384 915 5455 regibus

129 5472 304 5529 inertasernut
323 5484 352 5529 nt
378 5475 475 5547 parido
501 5484 529 5533 et
548 5478 676 5533 trementi
699 5476 778 5531 alicui
806 5476 915 5533 llerculi

964 4471 1055 4541 regina
1068 4478 1094 4524 et
1115 4468 1290 4538 optimatibus
1314 4466 1509 4534 perhonorifice
1523 4467 1548 4520 in
1571 4481 1682 4536 regnum
1704 4482 1749 4521 ac-

962 4571 1074 4630 ceptns;
1099 4574 1145 4613 rex
1173 4558 1245 4612 enirn
1281 4555 1495 4614 Northmannico
1527 4564 1601 4612 mntn
1624 4559 1750 4616 detentus

962 4658 1030 4714 erat,
1042 4662 1096 4719 qno
1108 4647 1211 4709 sedato,
1224 4645 1451 4700 Northmauninm
1465 4645 1563 4699 iterum
1575 4660 1625 4701 sno
1635 4647 1749 4717 subiecit

963 4741 1088 4811 irnperio.
1117 4739 1306 4808 lleversusqne
1342 4737 1485 4791 cnvrciliuut
1511 4738 1586 4808 regni
1613 4738 1748 4808 publicum

964 4833 1077 4889 boudini
1104 4830 1211 4897 indixit,
1237 4830 1264 4884 in
1288 4845 1342 4899 qun
1362 4838 1493 4885 statutum
1518 4828 1568 4883 fnit
1591 4839 1644 4884 unu
1668 4832 1750 4886 licere

965 4926 1033 4995 regi,
1050 4925 1092 4978 rol
1104 4924 1257 4993 cuicunque
1280 4923 1351 4978 laico
1372 4937 1421 4992 per
1435 4921 1560 4975 bactrlnm
1580 4930 1608 4976 et
1623 4923 1751 4977 annulum

964 5016 1119 5084 episcopum
1137 5013 1177 5068 vel
1192 5014 1378 5084 presbyterum
1401 5027 1589 5084 quemcunque
1605 5012 1750 5078 iuvestirc;

965 5108 1032 5161 satis
1047 5121 1106 5161 csse
1123 5116 1149 5159 nt
1166 5104 1321 5173 homagium
1344 5105 1378 5158 ab
1397 5105 1530 5175 episcopis
1543 5103 1597 5173 regi
1615 5103 1676 5167 frat,
1701 5119 1751 5175 prn

964 5197 1181 5268 possessionibus
1203 5196 1404 5265 temporalibus.
1425 5195 1473 5250 llis
1493 5211 1525 5251 ex
1545 5193 1665 5249 huselmi
1690 5210 1752 5249 seu·

966 5290 1049 5343 tentia
1069 5288 1161 5358 gestis,
1185 5287 1268 5356 coepit
1283 5286 1381 5356 prioris
1396 5286 1467 5340 illins
1488 5282 1668 5339 Londinensis
1690 5297 1751 5338 ase

967 5382 1109 5438 celebrata
1131 5381 1226 5452 synodi
1249 5379 1358 5435 decreta
1381 5376 1548 5434 exsecutioni
1566 5374 1705 5440 mandare,
1724 5384 1751 5429 et

967 5474 1137 5531 sacerdotum
1153 5472 1259 5541 nuptias
1272 5472 1427 5526 dissolvere.

119 5564 244 5634 clavum,
259 5566 413 5634 utdicitnr,
439 5570 627 5627 extorsissent.
644 5568 698 5625 Sed
725 5567 915 5625 llenriensilla
1003 5568 1059 5622 Sub
1081 5567 1138 5622 hare
1165 5576 1285 5634 tempora
1312 5572 1418 5619 mnrtnn
1444 5558 1560 5615 Girardn
1589 5555 1751 5613 Eboracensi

130 5657 248 5714 tonitrua
269 5660 444 5730 compescuit.
461 5659 522 5718 llaec
543 5677 592 5734 pax
614 5661 644 5731 in,
661 5661 803 5716 missarum
819 5661 916 5718 solem·
970 5653 1185 5725 archiepiscopo,
1204 5651 1323 5706 ’1111111111
1349 5647 1750 5720 11111111111110111111111111111·
