3690 6008
639 119 829 180 tentatio
842 118 876 175 lli
891 114 988 174 Psalle.
1005 112 1200 173 metuenti.

387 750 826 921 sanum
894 745 1434 927 insuunt

436 1166 1013 1305 centuariensis
1055 1168 1376 1289 EPISCOPI

738 1516 1082 1611 nnntttrto

821 2031 836 2043 V

135 2499 161 2554 l.
187 2495 346 2553 fortissima
369 2491 441 2550 Deus
464 2491 609 2564 spirituum
632 2489 766 2547 unirersae
786 2490 892 2558 earnis,
905 2491 932 2556 Α
944 2503 988 2546 me
1001 2487 1145 2546 clementia
1160 2496 1218 2556 tua,
1233 2487 1317 2558 llerrs,
1328 2489 1351 2548 si
1366 2491 1460 2551 videns
1474 2493 1575 2553 animm
1587 2510 1655 2555 mea
1669 2502 1746 2570 pert,

99 2591 146 2661 qui
160 2589 230 2646 uinci
244 2605 297 2645 non
317 2596 407 2660 potes,
420 2585 484 2657 quia
498 2599 529 2642 es
542 2582 763 2653 omnipotenset
782 2597 829 2638 rex
845 2597 894 2654 po·
946 2579 1037 2638 culum
1063 2580 1207 2655 imminere
1232 2591 1285 2638 ate
1299 2582 1380 2652 irato,
1400 2584 1434 2641 ad
1460 2595 1486 2643 te
1506 2587 1641 2657 placatum
1660 2605 1746 2650 ausus

101 2690 176 2745 terrs;
189 2678 244 2733 lolli
259 2694 313 2734 nan
327 2672 609 2748 petes,quiasapiens
621 2686 661 2738 es,
674 2680 801 2729 scrutans
811 2669 894 2728 eorda
946 2683 1006 2727 sum
1020 2668 1140 2726 totaliter
1165 2671 1317 2743 appellare,
1340 2690 1402 2731 cum
1425 2691 1504 2748 aquo
1528 2678 1622 2735 anime
1646 2680 1747 2740 tuleris

98 2781 127 2826 et
142 2786 221 2827 rencs
244 2770 332 2836 Deus;
343 2767 481 2838 corrumpi
493 2781 546 2824 neu
561 2774 649 2838 petes,
662 2762 726 2835 quia
735 2763 827 2836 justus
841 2762 895 2820 lio·
945 2761 1018 2836 quod
1031 2761 1170 2835 apestolus
1184 2773 1247 2821 tuus
1260 2763 1371 2834 Paulus,
1388 2767 1487 2827 timens
1498 2783 1533 2827 ne
1546 2786 1562 2826 a
1577 2771 1661 2830 Festo
1670 2789 1742 2846 pm.

97 2863 201 2927 prtinus,
216 2870 243 2917 et
266 2874 374 2930 semper
386 2858 508 2930 justitias
521 2855 660 2924 dilexisti;
674 2855 720 2926 qui
735 2869 786 2910 nen
798 2868 894 2926 parces
946 2851 1004 2910 side
1023 2853 1203 2925 corporaliter
1223 2864 1397 2926 gravaretur,
1413 2856 1446 2913 ad
1465 2857 1600 2916 Caesarem
1620 2862 1740 2934 appella.

100 2953 126 3006 in
144 2951 186 3006 dic
201 2950 337 3016 uindicta,
349 2962 400 3005 nee
413 2945 571 3018 acquiesces
585 2942 745 3015 cujusquam
755 2939 894 3014 precibus,
934 2942 995 3017 ¹rit.
1008 2943 1083 3000 Adeo
1095 2943 1178 3014 igitur
1193 2959 1255 3000 cum
1275 2944 1372 3002 lldueia
1384 2947 1479 3020 gratim
1490 2956 1544 3007 tuae
1557 2949 1695 3022 tirrenum,
1711 2965 1744 3013 ιιι

99 3061 150 3100 nee
171 3042 285 3115 recipies
306 3027 363 3112 pro‘
381 3036 569 3109 redemptione
586 3034 657 3092 dena
672 3033 790 3106 plurima
813 3048 821 3088 ι
842 3045 894 3103 ege
945 3031 1161 3089 miscricordiam
1184 3048 1348 3107 consequar,
1369 3046 1397 3093 ep
1417 3038 1532 3110 granam
1556 3040 1693 3098 inveniam
1711 3043 1743 3101 pn

99 3151 162 3193 rcus
178 3145 205 3190 et
217 3135 298 3189 miser
309 3140 438 3204 peccator
451 3131 478 3185 lu
487 3134 636 3199 conspectu
655 3124 754 3183 divinar
766 3121 894 3193 majesta·
944 3123 1047 3180 auxilie
1057 3133 1231 3196 opportune:
1251 3135 1279 3181 et
1294 3126 1357 3198 quia
1371 3127 1454 3185 miser
1471 3145 1544 3198 sum,
1556 3141 1585 3189 et
1594 3131 1746 3194 miserabi-

99 3228 134 3283 lis
152 3236 214 3291 tuae,
232 3225 259 3279 in
278 3238 333 3293 qua
349 3222 397 3294 qui·
412 3233 477 3278 rere
496 3216 653 3285 rearmatur,
673 3213 832 3283 absolvitur,
851 3228 895 3272 re·
944 3214 989 3285 lis,
1005 3198 1066 3273 ideo
1088 3231 1199 3289 gemens
1212 3217 1309 3289 spiritu
1325 3218 1423 3276 iterum
1437 3220 1486 3278 tibi
1504 3222 1589 3282 dice:
1603 3223 1742 3284 dlirerere,

98 3333 233 3392 captiosae
254 3318 318 3388 quia
339 3313 449 3387 peceavi
472 3325 554 3380 super
570 3321 714 3365 numerum
727 3321 819 3364 arene
833 3321 894 3362 ma·
944 3307 993 3366 Est
1005 3307 1078 3365 enim
1093 3317 1138 3365 tua
1163 3308 1362 3377 misericordia,
1375 3311 1536 3370 miscrorum
1559 3315 1672 3387 clrorda,
1686 3333 1743 3389 qua

99 3413 149 3475 ris,
160 3420 187 3466 et
199 3407 385 3479 multiplicata
397 3411 461 3460 sunt
471 3400 629 3471 iniquitates
639 3412 716 3455 meae.
731 3395 893 3454 incurvatus
944 3399 978 3458 dc
1000 3398 1062 3456 lacu
1078 3395 1152 3456 saccis
1173 3408 1201 3456 et
1223 3400 1341 3458 miserias
1352 3405 1543 3462 extrahuntur.
1565 3405 1634 3474 Quia
1657 3406 1748 3480 ipitue

99 3517 160 3558 sum
177 3500 262 3555 multo
283 3495 419 3554 curriculo
431 3508 498 3550 ntea
515 3490 611 3549 lerreae
623 3489 783 3557 voluntatis,
794 3498 823 3547 ct
838 3505 893 3549 nen
943 3491 1073 3548 solvendo
1087 3506 1141 3549 non
1162 3501 1227 3549 sant
1249 3492 1389 3567 passiones
1403 3496 1544 3568 condigna
1562 3498 1605 3554 ad
1620 3496 1745 3558 loturam

98 3600 141 3647 cst
157 3590 223 3645 milri
246 3586 388 3660 respiratio
403 3599 411 3639 a
435 3591 464 3640 ot
476 3582 540 3655 quia
552 3596 586 3639 ex
598 3580 746 3638 indiscreto
763 3594 893 3651 processu
944 3580 1057 3654 gloriam
1072 3597 1154 3653 quam
1167 3593 1312 3655 exspecto,
1326 3592 1354 3642 et
1362 3588 1608 3647 tun'misericordia
1621 3605 1741 3649 nouom·

99 3682 202 3756 negotii
225 3681 289 3736 ritae
311 3694 378 3736 mem
393 3675 491 3745 sentio,
506 3674 570 3746 quia
585 3681 631 3729 tua
644 3670 751 3743 justitia
767 3671 794 3728 in
804 3682 895 3728 extre·
944 3673 1039 3740 ritum,
1061 3674 1107 3730 sed
1128 3672 1214 3731 selam
1234 3675 1373 3744 miseriam
1391 3675 1523 3746 intuetur,
1542 3680 1576 3735 de
1598 3681 1748 3752 protendis,

100 3792 144 3832 ιιιιι
158 3784 204 3830 tuo
222 3771 326 3843 judicio
341 3767 482 3826 nrauileste
496 3765 576 3823 debet
590 3776 774 3834 megrararm
789 3762 894 3832 abipsa
945 3761 1072 3819 lluetilrus
1103 3763 1241 3820 interieris
1264 3773 1293 3821 et
1315 3767 1461 3826 exterioris
1488 3770 1617 3839 miseria,
1642 3773 1747 3843 quibua

100 3875 190 3921 tanuen
206 3862 302 3918 merito
316 3858 381 3915 milri
396 3865 533 3930 suspecta,
545 3854 579 3911 ad
594 3863 667 3909 tuam
677 3850 892 3910 misericerdiam
907 3853 931 3917 B
946 3854 1035 3928 lunago
1046 3855 1094 3913 Dei
1108 3854 1298 3930 asseriturlita
1317 3860 1391 3932 ιιι),
1412 3860 1440 3916 in
1454 3876 1498 3918 me
1511 3861 1571 3934 ipse
1584 3864 1619 3921 ad
1634 3865 1741 3924 miseri·

99 3953 226 4026 coniugio
238 3963 266 4009 et
280 3950 395 4022 appello.
405 3948 440 4004 Et
451 3963 486 4004 ne
499 3944 682 4020 appellatione
695 3943 746 4001 ista
757 3943 893 4015 pendente
944 3947 1066 4002 cordiam
1095 3955 1168 4003 tuam
1195 3947 1285 4006 clamo
1308 3946 1524 4022 lacrymabiliter
1550 3951 1599 4010 tilri
1621 3952 1715 4012 dicens
1730 3972 1742 4012 a.

98 4045 184 4101 intres
212 4044 239 4097 in
259 4042 392 4111 judicium
419 4053 481 4095 curn
502 4052 582 4094 serto
607 4046 662 4103 ttttt,
683 4035 731 4093 sed
745 4034 894 4107 potittstua
945 4034 1072 4092 Miserere
1082 4037 1132 4093 mei

100 4131 287 4189 misericordia
301 4145 344 4186 me
360 4128 518 4200 praeveniat,
533 4134 562 4183 et
580 4136 711 4198 sequatur
725 4139 778 4190 me,
790 4132 819 4181 et
830 4138 895 4181 sen·
979 4124 1006 4180 3.
1022 4124 1153 4184 Subticeo
1173 4143 1273 4185 nornen
1293 4144 1384 4186 meum
1401 4148 1408 4186 :
1429 4145 1489 4189 nam
1511 4131 1537 4190 si
1557 4130 1621 4190 illud
1637 4132 1685 4193 tiit
1698 4136 1747 4194 dt-

99 4239 158 4289 sus,
168 4234 195 4277 et
205 4232 290 4286 actus,
301 4218 491 4292 cogitationes,
505 4213 714 4283 semetsemet
724 4227 807 4286 opera
821 4226 894 4277 mea,
944 4232 1024 4286 xero,
1048 4233 1097 4290 per
1116 4219 1143 4276 id
1164 4235 1208 4279 me
1232 4219 1349 4278 forsitan
1373 4236 1425 4278 non
1450 4238 1603 4298 aprresccsa
1623 4239 1652 4287 ιι
1667 4232 1740 4301 qaod

99 4311 261 4384 protectioni
273 4310 331 4382 ejus
342 4322 509 4382 supponens,
523 4306 664 4379 ipsamque
678 4303 893 4361 misericordiam
945 4319 1007 4384 pust
1041 4319 1230 4383 recuperatam
1260 4310 1329 4368 alias
1352 4312 1424 4370 sicut
1450 4330 1531 4386 spero
1555 4319 1745 4380 innocentiam

99 4405 251 4477 postulans,
274 4400 445 4472 etjudieium
471 4414 526 4456 nen
547 4397 702 4470 requirens,
721 4395 804 4453 corde
819 4409 895 4455 catn-
944 4400 1148 4472 baptismalem,
1156 4401 1191 4457 alr
1203 4401 1250 4458 illa
1264 4401 1335 4459 dulei
1353 4403 1538 4466 familiaritate
1552 4418 1602 4467 tua
1611 4427 1656 4470 me
1665 4411 1741 4471 eluro

100 4504 218 4569 punctus
230 4493 369 4564 humiliter
383 4490 431 4548 tibi
443 4489 522 4547 dice:
945 4494 1006 4566 gapt
1026 4494 1109 4552 nimis
1123 4495 1290 4568 imprudens,
1316 4494 1344 4554 j„
1370 4514 1423 4571 qu,
1448 4504 1560 4574 quando
1572 4505 1600 4562 ὴ,
1620 4519 1742 4567 mom

136 4585 163 4640 i.
179 4583 226 4655 (ι’.
244 4583 283 4655 5.)
307 4581 442 4649 Miserere,
458 4581 522 4653 quia
543 4587 652 4652 tempus
671 4586 715 4636 est
735 4575 894 4645 miserendi,
945 4585 1078 4643 erationis
1103 4587 1138 4644 ad
1158 4597 1183 4645 te
1199 4586 1264 4646 elim
1279 4588 1425 4662 aliquando
1445 4596 1637 4665 ascendebam,
1652 4611 1742 4660 recum

101 4694 154 4734 non
166 4676 321 4747 judicandi,
339 4675 402 4747 quia
419 4673 512 4731 dixisti
535 4672 562 4730 iu
577 4671 724 4744 Evangelio
740 4680 787 4729 tue
799 4680 896 4729 sancto
946 4677 1023 4750 qrrasi
1038 4678 1146 4736 amicus
1154 4695 1216 4736 eum
1240 4681 1330 4740 arnico
1345 4679 1517 4743 familiariter
1531 4687 1681 4760 locuturus,
1696 4710 1743 4752 mo

101 4772 173 4842 quod
197 4784 248 4824 non
270 4767 364 4823 uenisti
383 4775 413 4822 ut
425 4765 531 4838 judices
546 4764 689 4832 mundum,
706 4764 754 4821 sed
770 4773 800 4820 ut
814 4763 896 4821 salri·
946 4770 1048 4841 pluries
1063 4769 1178 4828 dulciter
1190 4772 1311 4844 recipere
1322 4773 1432 4832 noluisti
1451 4794 1458 4833 :
1484 4788 1513 4835 et
1527 4787 1592 4837 tune
1606 4783 1748 4855 meipsum,

102 4862 166 4914 lices
186 4858 325 4913 muudum.
344 4857 379 4912 Et
402 4857 429 4912 in
450 4865 494 4910 tua
511 4853 612 4926 pictate
625 4852 744 4922 conlido,
760 4856 833 4926 quod
848 4871 896 4926 ap·
946 4877 1008 4919 eum
1026 4861 1118 4936 lioyse
1140 4878 1174 4920 er
1191 4865 1302 4923 nomine
1324 4867 1520 4939 cognoscebas,
1540 4880 1568 4928 et
1588 4874 1741 4943 gaudebam

102 4950 238 5020 pollutioni
264 4962 331 5004 ntem
354 4945 460 5003 deferre
481 4945 592 5008 debeas,
606 4959 689 5017 quam
703 4959 753 5018 ego
767 4947 824 5018 (qni
840 4957 896 5004 tre·
948 4953 974 5010 ia
988 4963 1085 5012 teeurn
1100 4953 1161 5013 aliis
1183 4955 1270 5015 sertis
1290 4956 1354 5025 tuis,
1379 4973 1494 5031 quorum
1515 4961 1617 5032 scripta
1628 4964 1746 5023 uomina

103 5057 179 5096 mens
190 5040 277 5095 lactus
287 5053 347 5093 sura
362 5045 391 5094 et
403 5037 488 5093 timeo
499 5051 514 5092 a
527 5046 571 5092 tua
582 5033 701 5107 justitia)
717 5046 845 5110 unquam
860 5040 896 5097 ab
946 5057 1011 5103 suat
1026 5047 1053 5103 in
1076 5047 1164 5115 coelis,
1184 5057 1212 5104 et
1234 5058 1294 5105 erat
1312 5064 1404 5106 coram
1420 5026 1447 5106 te
1471 5052 1629 5111 honorabile
1640 5071 1740 5117 nornen

102 5131 223 5187 inleriori
249 5130 282 5186 ad
315 5130 483 5201 superiorem
515 5129 608 5186 sedern
629 5139 683 5187 tuae
702 5132 895 5188 misericordiae
947 5153 1049 5195 nterim.
1070 5139 1148 5196 lione
1164 5141 1395 5210 autemquoniam
1408 5151 1520 5215 peecata
1536 5158 1634 5203 nomen
1649 5165 1737 5209 ,neum

102 5222 351 5292 illwli⁰¹¹028050¹¹⁵
362 5220 433 5292 ‘1¹¹⁰tl
451 5220 637 5277 ffiiffliiwftfii
651 5221 836 5297 luliffiistill
844 5223 891 5295 1¹¹·
908 5203 932 5268 C
948 5232 982 5289 de
992 5231 1062 5289 libro
1076 5232 1224 5292 virentium
1239 5231 1406 5297 deleverunt,
1426 5243 1455 5290 et
1465 5249 1526 5292 eum
1535 5234 1617 5307 justis
1632 5254 1684 5296 non
1699 5252 1743 5299 est

101 5315 215 5380 dicium,
232 5321 259 5369 et
276 5314 348 5384 quod
368 5313 553 5371 misericordia
580 5319 682 5368 tuaest
700 5326 783 5384 super
801 5313 895 5414 omnia
948 5311 1089 5397 scriptum,
1116 5324 1177 5384 ideo
1199 5325 1265 5382 illud
1292 5341 1345 5382 non
1369 5325 1457 5383 audeo
1468 5329 1633 5398 nominare,
1650 5333 1692 5390 ret
1706 5338 1741 5392 ιιι

103 5419 148 5464 tua
161 5423 242 5479 opera
261 5406 417 5463 constituta.
433 5404 729 5478 ideoqueappcllationi
743 5427 810 5469 meaa
826 5422 895 5468 esta
949 5423 1023 5481 toarn
1049 5417 1209 5472 meritoriam
1237 5429 1366 5474 reuocare
1383 5435 1391 5472 ι
1408 5417 1478 5475 sieut
1501 5420 1546 5480 ille
1570 5423 1613 5479 nir
1632 5424 1738 5494 lreatus,

104 5505 130 5556 te
143 5513 197 5555 nun
212 5495 348 5554 iunuerite
363 5493 548 5556 deiciendum.
560 5495 615 5558 Nec
628 5499 892 5574 indigneturcontra
948 5520 1027 5578 quem
1054 5505 1182 5566 irrucnisti
1202 5506 1291 5564 auum
1309 5509 1465 5572 secundum
1481 5528 1528 5572 eor
1539 5524 1627 5586 tuum,
1650 5519 1696 5591 (μή
1710 5527 1742 5578 ιι

1467 5676 1472 5708 l
