3704 6000
688 562 833 701 Ab
922 556 1296 702 OPERA

390 919 874 1135 SANCTI
996 920 1589 1137 ANSELMI

609 1320 1351 1509 rnonnuonunn

481 1932 946 2026 lLLUSTRlSSlMO
974 1930 1493 2039 NOBlLlSSlMOQUIi

925 2202 1048 2247 morellio

300 2411 393 2557 ΙΙ).
433 2405 789 2528 δΔΩθΒθ
826 2404 1228 2521 molano
1266 2405 1682 2525 GOLBEB'I'

808 2707 951 2771 unuani
966 2706 1167 2783 Bmcunst,

426 2954 534 3002 ealon!
549 2954 586 3001 AC
604 2952 727 2998 nomino
745 2953 933 2999 GssdlileTlS
948 2954 1047 2998 SUPRA
1065 2953 1210 3010 niueum,
1227 2954 1354 2998 NECNON
1370 2956 1538 3002 AHBERTAE·

207 3194 270 3273 Qui
285 3192 411 3259 cunctis
429 3191 649 3275 supereminet
672 3205 769 3253 sacrm
787 3187 942 3251 doctrinae
954 3185 1127 3267 magistris,
1144 3186 1366 3254 illustrissime
1381 3189 1526 3266 domine,
1542 3190 1571 3254 is
1591 3191 1650 3255 tibi
1667 3209 1702 3257 se
1717 3189 1800 3257 sistit

168 3332 204 3389 ut
228 3325 263 3387 in
287 3322 357 3403 eius
378 3319 546 3401 amplexus
570 3333 657 3391 raas,
677 3331 774 3396 quem
797 3318 831 3376 ut
853 3317 974 3393 patrem
995 3310 1097 3385 colis;
1122 3317 1153 3375 et
1178 3328 1252 3376 eum
1277 3317 1419 3379 attentus
1445 3314 1622 3394 auscultes,
1644 3335 1741 3399 quern
1765 3327 1800 3383 at

166 3446 357 3526 magistrum
374 3442 545 3516 revereris,
563 3440 621 3520 qui
637 3436 778 3521 purioris
792 3434 961 3514 theologie
976 3431 1236 3497 studiosissimus
1251 3451 1298 3498 es.

205 3590 237 3651 ls
252 3590 322 3669 ipse
341 3603 429 3661 suas,
449 3582 627 3665 etquidem
642 3585 846 3663 expurgatas,
863 3577 922 3641 tibi
940 3577 1033 3641 ollert
1049 3575 1217 3654 lectiones,
1231 3578 1267 3640 in
1283 3579 1404 3661 quibas
1419 3581 1494 3644 unis
1513 3598 1548 3645 ea
1567 3583 1675 3647 omnia
1692 3588 1801 3649 leneas

188 3728 238 3775 ue
259 3711 292 3773 in
312 3706 434 3773 ceteris
449 3704 556 3787 legisti
573 3721 581 3762 ε
600 3708 634 3766 ut
657 3718 731 3782 quae
754 3716 793 3764 eo
816 3704 998 3780 exponente
1023 3700 1167 3778 noveris,
1194 3717 1230 3763 ca
1250 3707 1279 3763 le
1307 3702 1441 3769 docente
1464 3719 1577 3769 omnes
1604 3706 1801 3789 quandoque

166 3832 306 3896 discente

206 3973 379 4038 Anselmus
396 3974 457 4047 est,
473 3987 512 4034 ex
529 3969 641 4033 abbate
655 3964 806 4031 Boecensi
823 3964 1062 4028 cantuariensis
1080 3963 1355 4043 archiepiscopus,
1372 3965 1440 4045 qui,
1460 3981 1520 4028 suo
1538 3965 1665 4029 tandem
1686 3966 1800 4047 splen·

167 4095 237 4158 dori
252 4095 440 4168 restitutus,
456 4093 602 4156 abbatem
622 4092 816 4154 Beccensem
839 4104 899 4150 suo
917 4087 964 4150 sie
985 4086 1144 4165 adgaudet
1166 4085 1330 4151 illustrare
1354 4085 1591 4160 inminentia
1615 4088 1725 4169 gratim
1748 4089 1800 4152 ri·

167 4235 237 4280 cern
255 4218 326 4301 ipse
343 4224 398 4282 luo
414 4215 548 4280 nomine
562 4213 719 4278 illustrior
732 4212 805 4287 bat5
823 4216 854 4275 ot
871 4212 914 4274 ita
930 4210 1113 4290 splendenti
1138 4209 1292 4271 dnselnro
1307 4210 1346 4271 ab
1366 4226 1405 4273 eo
1421 4210 1600 4275 illustratus
1614 4212 1684 4292 ipse
1701 4212 1799 4275 ailul-

165 4331 253 4393 geas.

207 4454 369 4517 Hactenus
390 4453 441 4516 rel
456 4452 609 4525 mutilus,
626 4450 675 4514 rel
698 4448 825 4512 mendis
839 4447 943 4511 loedus
960 4446 1041 4510 adeo
1054 4447 1192 4511 viluerat
1207 4452 1241 4510 ut
1263 4447 1439 4528 nequidem
1457 4449 1634 4529 legeretur,
1651 4467 1689 4514 eo
1708 4452 1797 4533 quod

165 4577 220 4640 rix
236 4556 278 4640 ae'
293 4594 334 4642 ne
351 4577 404 4640 rix
422 4576 553 4658 quidem
573 4573 810 4653 intelligeretur
828 4593 836 4632 ε
855 4572 965 4651 ipsam
983 4570 1079 4634 modo
1102 4571 1217 4635 native
1235 4588 1302 4635 sum
1316 4573 1493 4652 integritati
1510 4591 1547 4638 ac
1567 4575 1698 4655 puritati
1727 4577 1799 4640 red·

164 4700 322 4773 didimus,
339 4698 495 4763 consultis
515 4695 778 4777 quampluribus,
794 4710 876 4775 quos
905 4693 1124 4777 undequaque
1148 4697 1400 4777 corrogarinrus,
1421 4699 1588 4763 codicibus
1621 4692 1798 4763 manuscri-

165 4820 246 4900 ptis3
266 4819 347 4883 adeo
365 4825 399 4882 ut
417 4819 474 4898 qui
490 4817 672 4882 offendebat
689 4816 723 4879 in
739 4815 963 4896 singulis,jam
981 4818 1143 4897 integrum
1159 4817 1321 4883 inoffenso
1335 4821 1483 4885 decurrat
1495 4822 1597 4902 pede;
1615 4822 1717 4902 etqui
1734 4821 1799 4883 lra-

164 4943 253 5008 rebat
271 4942 307 5006 in
322 4941 441 5015 verbis,
457 4954 592 5005 sensnm
606 4937 711 5003 facilis
728 4938 875 5016 attingat.

203 5084 272 5147 lam
287 5097 364 5160 ergo
386 5088 422 5144 at
445 5081 476 5142 S.
502 5076 646 5142 Anselmi
662 5076 768 5156 Opera
783 5075 910 5139 canetis
926 5075 999 5139 dant
1016 5074 1119 5140 emori
1132 5094 1168 5140 ac
1188 5078 1309 5154 studio,
1326 5080 1405 5160 quid
1421 5088 1569 5162 superest
1592 5082 1658 5146 nisi
1682 5090 1718 5148 ut
1739 5091 1797 5149 tuo

164 5198 307 5275 fulgeant
333 5199 490 5264 nomina?
515 5196 586 5271 Quo
611 5196 698 5261 enirn
721 5195 849 5259 felicius
873 5210 970 5277 quam
995 5201 1064 5269 tuo,
1088 5196 1190 5258 sancti
1211 5197 1301 5260 illius
1319 5200 1459 5263 doctoris
1483 5199 1587 5281 Opera
1610 5201 1799 5282 prodirent?

162 5316 329 5397 Quidquid
346 5316 379 5380 in
395 5314 540 5380 scientiis
554 5314 669 5389 allum,
684 5313 845 5395 quidquid
861 5314 978 5375 mirum
993 5313 1028 5374 in
1044 5313 1180 5389 artibus,
1192 5314 1253 5379 boc
1268 5314 1408 5380 Colbcrti
1422 5334 1539 5381 nomen
1554 5318 1629 5398 juro
1643 5323 1795 5400 celebrat,

167 5440 245 5506 dum
262 5442 360 5506 ambit
383 5441 529 5506 tutelam.
545 5441 663 5524 Ecquis
683 5442 753 5521 cius
770 5458 834 5505 nan
851 5439 986 5503 ambiret
1011 5442 1246 5520 patrocinium,
1264 5445 1333 5524 qni,
1353 5444 1429 5508 dum
1457 5446 1540 5523 regis
1560 5449 1716 5531 regnique
1741 5450 1797 5515 ad·

286 5546 424 5607 Panos.
440 5543 563 5607 civili
1541 5551 1554 5606 t

130 5708 221 5877 qt
