3704 6000
590 909 867 972 ltntdlttuitlitllsts
885 910 1141 969 utstlttttii‘ts'ilttt’l

186 1132 646 1277 nussum
718 1125 1005 1333 uuus
1065 1122 1550 1268 susumus

315 1467 703 1598 nsoumol
761 1469 864 1594 su
916 1464 1441 1593 unumunurm

127 1861 559 2020 HOMILIAE
615 1862 738 2012 ET
808 1854 1626 2018 EXHORTATIONES

219 2235 393 2307 153-155
409 2232 679 2291 llOlllLllll‘lllllA.
866 2231 1099 2303 dpussit.llegni
1117 2239 1206 2287 :tuntum
1232 2232 1268 2287 illi
1297 2233 1325 2287 int
1354 2235 1385 2290 s‘e
1411 2235 1544 2306 requiem,
1577 2240 1623 2308 qni
1641 2254 1695 2296 uun

50 2322 84 2386 ln
102 2342 181 2386 tuuuu
193 2327 418 2383 Euenustusmcn:
439 2324 470 2380 ln
493 2327 614 2381 annniius
635 2327 748 2397 requiem
779 2341 851 2395 quie·
902 2320 960 2377 vnin
971 2336 987 2376 ιι
1000 2322 1079 2378 mulis
1094 2321 1223 2393 operibus
1241 2331 1269 2379 et
1284 2324 1427 2382 desideriis
1448 2342 1569 2396 cessure,
1584 2332 1653 2396 utin
1666 2348 1694 2391 su

91 2421 152 2485 siti,
162 2428 185 2473 er
200 2419 228 2472 in
243 2417 396 2472 inmeditate
417 2415 475 2486 ejus
486 2418 619 2472 morabar.
633 2414 705 2470 irrue
717 2415 850 2486 precepit,
902 2411 991 2468 loeum
1002 2412 1101 2482 qnietis
1115 2413 1169 2467 lieo
1179 2421 1260 2483 quent
1271 2413 1403 2483 prrultere.

89 2508 115 2565 e't
134 2510 202 2564 diali
218 2509 282 2562 milri
302 2507 413 2563 Creator
431 2508 599 2572 amnium,·et
618 2508 662 2577 qui
687 2508 850 2571 cnrnuitme,
939 2501 973 2556 Et
999 2503 1026 2556 iu
1053 2503 1221 2569 ineruditata,
1259 2503 1362 2574 inquil,
1390 2506 1448 2575 ejus
1473 2509 1605 2564 nturainur.
1630 2509 1696 2581 Ejus

91 2600 215 2670 requievit
230 2599 258 2653 iu
270 2597 440 2652 talernacula
453 2614 509 2653 mro
521 2596 617 2668 (ilarii.
636 2614 710 2660 sunu,
726 2597 781 2667 ll).
904 2594 1016 2665 respicit
1036 2604 1064 2648 et
1074 2593 1107 2648 nd
1119 2594 1251 2663 requiem,
1264 2604 1293 2651 et
1304 2596 1338 2652 ud
1359 2597 1421 2662 ltoe,
1434 2599 1505 2668 quod
1528 2616 1610 2671 supra
1620 2602 1692 2659 diuo

92 2689 230 2759 Sapientia
242 2703 295 2744 nott
309 2688 437 2759 loquitur,
452 2702 533 2757 qurum
554 2688 698 2758 Apostolus
713 2683 850 2743 Cltrn'sium

52 2794 118 2835 essu
137 2787 261 2843 testatur,
276 2777 388 2832 diceus:
407 2777 540 2830 Christum
569 2777 615 2829 liei
630 2778 747 2829 uirtutem
766 2786 790 2829 et
804 2774 851 2828 liet

52 2871 211 2941 sapientiam
246 2867 281 2938 (l
297 2868 359 2923 Cur.
386 2867 489 2938 mil).
520 2866 658 2937 Sapientia
686 2882 761 2938 erqo,
790 2883 852 2938 quite

52 2960 182 3017 Cin-istus
200 2971 251 3023 est,
264 2961 289 3015 id
311 2970 354 3014 est
373 2960 511 3014 incarnato
536 2958 580 3013 unt
601 2958 744 3028 snpientia,
759 2957 826 3014 dicit
842 2978 848 3014 :

52 3047 221 3106 lnomuiiur
232 3051 347 3121 requiem
360 3051 477 3121 quaesiui.
496 3050 558 3105 Post
586 3049 705 3103 lubentem
721 3065 787 3103 vero
811 3066 851 3103 re·

53 3143 136 3213 quies
148 3142 217 3198 solet
235 3143 332 3211 qttaeri.
361 3142 491 3197 Dominus
517 3153 608 3197 autem
635 3143 661 3195 iu
687 3158 716 3197 se
741 3143 850 3213 quidem

53 3232 164 3301 quietus
182 3240 210 3286 et
228 3231 457 3287 inneummutulnilis
470 3242 512 3287 est
528 3248 534 3297 ;
556 3233 603 3287 sed
619 3241 709 3287 tanuen
724 3232 851 3287 lslnorsre

54 3330 184 3387 testatur,
215 3338 277 3377 euru
300 3323 383 3379 durus
405 3324 543 3378 lnontninnm
570 3327 718 3393 pravitates
743 3323 850 3388 tulerat,

903 2694 968 2741 rut:
988 2686 1045 2756 Eqa
1070 2704 1103 2741 eu
1128 2703 1173 2741 are
1198 2685 1329 2743 ditissimi
1348 2689 1445 2757 prodii,
1475 2702 1506 2746 ut
1529 2693 1695 2764 intelligutur

904 2778 961 2832 inrue
986 2776 1129 2831 luereditss
1153 2786 1180 2830 et
1207 2777 1311 2847 requiei
1335 2785 1362 2832 et
1395 2779 1538 2847 ditissimi,
1572 2784 1694 2840 vidnliret

903 2868 1052 2923 electarum
1077 2867 1230 2933 multitudo,
1259 2882 1328 2938 quos
1349 2868 1408 2939 ipse
1423 2870 1581 2929 iltntssinmns
1602 2876 1637 2930 ud
1659 2877 1696 2930 ui·

904 2958 1020 3012 dentdnnn
1036 2973 1091 3012 sure
1103 2957 1273 3012 celsitudinis
1287 2957 1399 3028 giarium
1412 2960 1531 3017 elevatus
1540 2963 1566 3017 iu
1580 2979 1697 3034 superno

903 3064 986 3119 regno
1010 3048 1168 3117 possidebit,
1195 3050 1289 3119 sieque
1304 3051 1500 3118 perpetualiter
1527 3054 1697 3123 requiescere

903 3138 993 3193 lunulel.
1007 3139 1051 3191 uit
1068 3140 1158 3207 itaque
1174 3156 1180 3191 :
1199 3137 1233 3192 In
1244 3140 1398 3194 inmeditate
1422 3141 1481 3210 ejus
1509 3145 1642 3198 murultur.
1657 3148 1697 3200 nle

902 3228 1031 3281 sidicat:
1050 3227 1077 3281 Ιιι
1097 3228 1223 3283 utunilnus
1246 3227 1355 3296 quidem
1376 3231 1488 3298 quesivi
1515 3233 1646 3301 requiem,
1664 3235 1697 3287 li·

902 3328 945 3373 eet
961 3335 1014 3372 nun
1030 3320 1056 3372 iu
1070 3318 1196 3374 ounnilms
1212 3329 1432 3388 perseverantem
1445 3335 1506 3376 eum
1524 3322 1694 3389 inuenerim3

53 3416 152 3472 dicens
168 3417 279 3472 cuililnet
307 3416 421 3471 talium:
443 3416 585 3471 Pnurdnisti
609 3417 675 3472 nniini
692 3417 851 3471 laiuremin
902 3410 1058 3476 sediminis,
1081 3410 1127 3480 qni
1149 3411 1265 3480 presciti
1295 3420 1360 3466 suot
1390 3412 1535 3469 haereditus
1564 3414 1620 3479 Dei,
1641 3432 1696 3470 mu-

52 3506 241 3578 qnqqqpqqqq„
265 3508 318 3561 quq,
333 3506 402 3577 (ιω,
418 3522 494 3572 mn,
508 3507 565 3577 pq),
580 3506 634 3563 sqq
647 3516 675 3563 eq
690 3506 753 3563 qum
768 3522 851 3578 appa.
904 3502 991 3561 unior,
1006 3502 1030 3554 inl
1044 3510 1084 3556 est
1095 3511 1338 3570 pet-serernntrret
1350 3518 1403 3558 nnou
1415 3503 1448 3559 ud
1461 3504 1554 3560 iturum
1569 3508 1695 3563 monebu.

54 3596 113 3651 ruit
127 3596 155 3652 iu
173 3596 281 3652 nnurtnli
300 3611 393 3663 carue,
416 3596 549 3651 lslnorsuit
568 3610 601 3651 ex
616 3606 708 3651 nostru
736 3597 851 3651 inniirmi-
869 3589 931 3646 liin
944 3592 996 3647 illis
1011 3594 1083 3647 entim
1099 3608 1152 3647 non
1171 3602 1293 3648 moratur
1308 3594 1355 3648 liei
1369 3597 1514 3665 supientia,
1529 3598 1575 3667 qui
1586 3599 1621 3654 nd
1633 3609 1699 3655 tent·

55 3695 123 3742 ttnte.
147 3686 210 3743 ldeu
238 3695 300 3753 post
316 3689 544 3743 resurrectionem
571 3703 648 3743 snam
673 3688 700 3742 in
725 3687 851 3742 omnibus
903 3699 954 3753 pus
977 3683 1101 3748 credunt,
1122 3691 1150 3738 et
1169 3684 1196 3738 in
1223 3694 1345 3754 tempure
1372 3688 1529 3743 montionis
1547 3692 1696 3746 recedunt:

53 3775 325 3846 qnnaesiuirrequiem,
339 3785 368 3831 ut
384 3777 409 3830 in
422 3776 542 3831 amnium
558 3776 609 3830 ilde
624 3783 651 3829 et
664 3776 851 3830 bounnrtioue
902 3775 995 3830 sedin
1017 3775 1057 3829 eis
1077 3783 1208 3839 moratur,
1238 3789 1306 3843 quos
1327 3777 1354 3830 in
1378 3776 1498 3832 bonitate
1524 3780 1588 3835 lncit
1612 3797 1699 3851 usqne

56 3869 253 3938 requiesceret.
269 3867 337 3924 Nam
351 3869 377 3923 in
393 3869 491 3938 quibus
503 3868 630 3924 annulinus
645 3869 766 3938 requiem
778 3883 850 3937 qnue·
903 3866 929 3919 in
949 3865 1029 3919 lluem
1050 3879 1239 3936 perseuerare.
1272 3865 1342 3920 lline
1365 3875 1407 3921 est
1432 3869 1505 3935 qnod
1524 3866 1557 3923 da
1575 3870 1699 3939 quolilnet

55 3959 163 4024 siverit,
197 3959 275 4014 dueet
299 3958 505 4028 premittenda:
527 3957 560 4011 ln
588 3959 659 4013 annui
683 3969 752 4012 terro
781 3958 849 4019 steti,
903 3957 996 4011 lulium
1016 3956 1099 4011 uiuit:
1125 3955 1276 4021 Veniemus,
1309 3968 1334 4011 et
1356 3958 1517 4013 munnnt'uuem
1546 3961 1616 4030 opud
1638 3977 1697 4015 eum

56 4062 82 4104 et
95 4050 122 4104 in
136 4051 206 4105 amni
216 4053 324 4121 populo,
340 4060 363 4102 et
376 4049 402 4103 in
416 4050 487 4102 annui
511 4059 586 4119 qente
598 4051 740 4118 primatum
758 4048 848 4110 itaiui,
902 4045 1029 4116 [aciamus
1045 4045 1137 4114 (inunt.
1157 4059 1212 4111 ιιι,
1228 4044 1287 4115 23).

56 4153 82 4195 er
97 4141 214 4196 anundum
237 4140 418 4195 excellentium
437 4150 461 4194 et
479 4140 630 4194 anuinium
653 4140 733 4194 con-da
757 4141 850 4194 uirtute
937 4137 1065 4208 Sequitur
1079 4155 1085 4188 :
1099 4135 1171 4191 Turne
1185 4136 1318 4207 praecepit,
1333 4147 1355 4191 et
1368 4138 1434 4192 dieii
1449 4140 1512 4193 miiu'
1524 4138 1633 4196 Greutur
1643 4157 1698 4197 utu-

57 4230 158 4286 cuIcam'
186 4231 282 4304 (lircil.
303 4247 377 4297 nstv,
394 4231 432 4301 9).
460 4231 575 4300 llomque
603 4231 760 4302 subjungit:
778 4230 849 4284 Etinn
902 4237 1029 4296 uium,·et
1039 4231 1085 4301 qui
1099 4231 1194 4284 creauit
1212 4246 1262 4296 me,
1278 4231 1398 4300 requierit
1412 4231 1439 4285 iu
1450 4233 1615 4289 tabernacula
1630 4251 1696 4300 uteo,

57 4321 179 4376 omnuim
191 4323 304 4391 requiem
315 4322 431 4393 quaesiui.
444 4320 473 4376 ltn
487 4322 613 4376 ounnniltus
625 4337 691 4392 erqo
703 4322 810 4392 pupulis
823 4330 851 4374 et
901 4334 926 4379 et
939 4324 1006 4377 dixit
1019 4323 1083 4377 milri
1097 4337 1106 4376 .·
1120 4321 1155 4376 lu
1165 4321 1248 4376 iacui
1268 4321 1397 4386 ininalnita,
1411 4331 1436 4376 et
1446 4324 1473 4376 in
1484 4321 1700 4384 tumtum-ett-

56 4413 185 4482 qemibus
200 4414 283 4469 totius
294 4415 379 4477 urinis,
393 4423 420 4467 ut
436 4415 581 4469 incusetis
596 4415 706 4485 regibus
727 4428 759 4468 ue
774 4414 848 4482 prin·
902 4422 967 4477 ture,
979 4423 1002 4468 et
1017 4415 1045 4467 iu
1057 4411 1144 4467 electus
1155 4411 1220 4464 meis
1246 4410 1320 4464 mitta
1348 4410 1460 4466 radices.
1488 4410 1571 4478 Tune,
1599 4413 1696 4484 inquit.

58 4504 174 4574 eipilms,
188 4520 302 4575 qntorum
315 4507 365 4560 sibi
379 4505 459 4560 eorda
476 4507 582 4561 tundem
596 4504 713 4578 subegit,
729 4505 849 4575 requiem
902 4518 963 4557 cnm
985 4518 1035 4573 eqo
1051 4490 1172 4570 requfflm
1193 4500 1220 4553 iu
1237 4500 1362 4556 omnibus
1388 4515 1550 4570 quaererem,
1582 4503 1636 4573 ille,
1652 4509 1698 4577 qul

57 4593 193 4662 quesivit.
205 4593 409 4650 lnnreuituntem
428 4595 454 4648 in
470 4596 511 4650 inis
523 4597 653 4666 requiem,
675 4597 721 4668 qui
736 4610 850 4667 peecare
901 4594 1004 4649 creavit
1032 4608 1136 4657 ornnes,
1152 4599 1179 4647 et
1190 4591 1235 4662 jus
1255 4590 1336 4646 lauet
1363 4592 1390 4647 in
1404 4593 1540 4660 omnibus,
1560 4599 1696 4653 neminem

57 4681 212 4749 desierunt,
233 4695 261 4739 et
286 4695 382 4740 sunere
400 4701 432 4740 uc
454 4685 527 4755 juste
549 4689 651 4743 utrum.
673 4687 723 4756 ani
752 4689 779 4743 iu
800 4703 849 4755 eu,
901 4686 958 4739 uult
970 4684 1204 4756 pertnepnacepit
1232 4683 1297 4737 milri
1318 4682 1382 4753 qnid
1408 4685 1435 4739 5¹¹
1462 4686 1506 4742 his
1524 4702 1652 4757 aierem:
1670 4699 1697 4744 ⁰¹

56 4772 130 4839 quod
148 4772 174 4824 in
188 4772 315 4828 uuunibns
329 4775 435 4843 populis
450 4786 476 4829 et
487 4776 642 4831 notionibus
669 4787 752 4847 utque
765 4777 849 4832 subli·
901 4778 945 4848 qui
958 4793 999 4831 me
1018 4790 1125 4845 quotque
1141 4790 1189 4844 pru
1205 4789 1299 4830 eurum
1318 4775 1406 4832 salute
1431 4781 1527 4832 creauit
1548 4781 1695 4834 seeundum

57 4861 158 4926 urlinus,
190 4863 216 4917 id
239 4874 283 4917 est
309 4865 335 4918 iu
359 4864 526 4921 sublimitate
556 4866 716 4937 dignitatum
742 4867 848 4936 pusilis,
904 4870 1112 4935 immunitatem,
1150 4869 1206 4939 ipse
1232 4870 1355 4940 requierit
1387 4871 1415 4925 in
1433 4872 1602 4927 tabernacula
1628 4890 1694 4928 meu.

56 4952 180 5022 requiem
195 4956 305 5012 sedicit
325 4957 466 5027 quesisse,
494 4959 629 5030 siqnidem
644 4959 671 5014 in
686 4974 848 5030 unaquaque
864 4939 885 4996 C
903 4961 1029 5016 Creutum
1047 4975 1077 5014 se
1095 4959 1170 5024 dicit,
1191 4960 1254 5028 quin
1269 4962 1351 5016 hunno
1379 4961 1465 5017 inetnns
1478 4972 1530 5026 est,
1546 4965 1592 5032 qul
1612 4980 1692 5033 supe-

56 5045 108 5099 nub
121 5044 283 5116 eoeloqente
312 5047 411 5104 nutritus
437 5050 525 5119 pulum
550 5052 635 5115 cernui,
655 5051 702 5120 qui
722 5066 849 5121 peruerse
902 5055 958 5107 rius
985 5060 1140 5107 asseruerat
1152 5066 1181 5107 se
1195 5059 1258 5106 anie
1274 5054 1371 5108 sucula
1388 5054 1536 5123 geniturus
1551 5054 1690 5116 Putredi·

55 5133 151 5188 uinum
164 5151 171 5199 ;
183 5145 211 5190 et
222 5153 324 5206 paucus
341 5139 415 5193 velunt
445 5156 527 5211 gnane
548 5143 598 5197 suls
622 5141 707 5212 puluis
720 5144 847 5208 inveniri,
900 5160 966 5200 ceos
979 5162 985 5198 :
999 5143 1054 5215 Eqa
1076 5143 1204 5214 supientia
1221 5159 1254 5197 eu
1274 5143 1459 5198 eruditissimi
1482 5143 1579 5210 prodii,
1595 5145 1694 5213 primu·

55 5224 102 5293 qni
117 5225 186 5280 bene
201 5237 291 5297 egunt.
307 5229 363 5284 lloe
378 5231 449 5285 euim
475 5233 616 5301 qtnueritur,
632 5233 704 5302 quod
720 5233 785 5289 lutet
799 5250 849 5290 nee
900 5240 987 5311 qennn‘ta
1001 5250 1089 5293 autem
1106 5248 1167 5292 ante
1179 5253 1281 5292 amnem
1292 5249 1439 5293 creaturam
1453 5236 1549 5310 (darii.
1566 5252 1640 5302 nunu,
1653 5238 1692 5309 5).

56 5314 182 5370 lnubetur.
212 5320 265 5375 Sed
279 5329 306 5375 et
319 5322 346 5376 iu
359 5323 480 5391 qnnolilnet
500 5324 533 5379 ad
548 5326 627 5380 riunnu
658 5327 849 5395 praedestinato
902 5327 1692 5399 'lulnernueulunuuerolnujnssapientireesteorpnsussuru-

54 5407 156 5474 quaerit
166 5407 293 5467 Christus
303 5413 352 5469 sibi
369 5417 502 5483 requiem,
512 5416 574 5470 dum
590 5416 679 5471 nnllnna
689 5429 846 5487 pereuntem
904 5429 990 5490 ptum,
1004 5417 1037 5473 ule
1050 5432 1105 5488 qno
1118 5417 1185 5474 ulios
1201 5419 1324 5475 dieitur:
1340 5418 1438 5474 insule
1461 5421 1547 5489 perunit
1569 5420 1693 5476 taberna·

55 5511 121 5552 eam
151 5511 301 5572 exspectat,
323 5511 352 5557 et
374 5504 415 5560 uel
441 5508 583 5576 praeceptis
608 5519 653 5561 seu
684 5507 805 5573 munitis,
821 5518 849 5564 et
903 5511 1082 5565 auitrmsuum
1103 5508 1190 5581 (Psal.
1217 5526 1296 5576 xsnu,
1321 5510 1360 5578 li),
1379 5509 1458 5565 idest
1482 5510 1510 5565 in
1527 5510 1693 5568 tourniiestls·

56 5587 209 5656 miraculis,
221 5601 248 5647 et
262 5596 410 5663 prosperis,
436 5606 463 5652 et
475 5598 597 5653 eduensis
619 5600 707 5669 ipsum
734 5612 846 5655 conuen-
903 5603 972 5658 simu
985 5602 1100 5668 visione,
1122 5618 1220 5674 eorpus
1244 5616 1332 5657 snum.
1348 5601 1376 5657 ln
1394 5601 1445 5658 lrue
1461 5600 1637 5660 tabernaculo
1651 5617 1696 5658 re·

58 5681 250 5741 tereuttslem
271 5684 360 5740 lucere
383 5688 483 5754 stnulet,
509 5697 536 5744 nt
566 5691 592 5745 iu
618 5702 652 5746 eu
676 5690 847 5760 requiescere
901 5693 1003 5767 quieuit
1021 5691 1322 5763 -uanmqntamllum
1342 5691 1720 5761 llfflfflm'ffiffln

183 5778 321 5842 Persou.
338 5779 472 5844 CLVlll.
1076 5839 1081 5846 ,
1116 5856 1129 5876 Γ
1440 5785 1485 5845 Ἢ
