3690 6008
96 193 162 252 intr
261 197 459 255 sanamur
481 187 1338 255 castanensium.0PP.Pttisit.-Psttmrtttr.
1361 182 1553 244 ETASCET.
1681 176 1745 232 tots

110 338 115 346 ·
130 317 269 388 Speciosa,
281 323 309 370 et
321 314 412 371 suavis

95 408 238 465 Canticum
254 406 366 469 letitiam

96 493 283 558 Praedicanda,
296 499 323 547 et
338 490 471 546 laudanda

95 585 225 642 Privatim
239 590 267 638 et
278 581 394 652 publice.

132 677 190 732 Non
204 676 248 731 bic
258 681 373 739 tuntum,
389 671 437 729 sed
452 672 479 728 ln
494 680 548 727 tota

96 763 187 821 blondi
203 762 355 825 latitudine,

96 858 131 912 Et
145 858 171 911 iu
182 854 268 915 coelis.
283 851 441 925 angelorum

96 948 173 1005 liutei
190 944 381 1003 modulamine.

133 1034 219 1101 Qunam
235 1045 328 1087 amare
342 1027 414 1084 nolle
427 1026 515 1082 nullus

97 1125 189 1179 Potest
205 1125 264 1179 sine
276 1122 406 1187 crirnine;

97 1211 146 1269 Cui
162 1214 280 1284 placare,
295 1209 348 1266 lude
358 1218 444 1274 stare,

98 1308 132 1364 Et
145 1309 200 1364 Deo
212 1316 255 1362 est
267 1307 370 1360 rivere.

136 1401 203 1455 bum
219 1413 268 1453 nos
282 1397 330 1453 tibi
344 1393 575 1456 commendamus,

98 1490 168 1548 Vota
179 1500 272 1547 nostra
285 1488 410 1557 suscipe:

98 1584 168 1639 Dum
185 1591 211 1637 te
224 1582 301 1652 proni
315 1580 466 1651 salutamus

99 1672 229 1740 Quamuis
241 1671 293 1725 bne
311 1669 450 1724 rarissime

135 1765 192 1818 Are
208 1762 255 1818 tibi
274 1762 365 1816 boram
379 1769 425 1815 tua

101 1853 238 1911 Dicentem
258 1853 386 1923 imagine,

99 1945 258 2015 ltrcerrupta
271 1954 297 1999 ct
310 1943 440 2007 leeunda;

100 2036 161 2093 Noli
177 2051 219 2092 me
234 2035 385 2106 despicere.

136 2129 240 2187 Coelum
256 2130 328 2194 cmii,
345 2130 441 2185 domus
455 2130 512 2194 liei,

100 2222 155 2282 llas
171 2224 372 2290 misericordie,

100 2319 219 2376 Pronum
232 2332 298 2375 uero
312 2316 359 2371 tibi
379 2325 495 2379 constat,

100 2413 134 2469 Et
145 2413 258 2468 omnino
273 2411 362 2467 lacilc.

140 2509 177 2562 dd
191 2522 368 2577 uniuscunque
382 2506 447 2560 reiis
459 2521 523 2559 usu.-

101 2600 218 2672 bngelos
235 2599 421 2656 transmittere

102 2688 180 2756 Quod
191 2685 314 2758 exempla
330 2685 412 2741 multa
429 2683 553 2754 probam,

104 2780 169 2848 Quae
184 2780 293 2851 longum
306 2785 347 2834 est
358 2791 470 2848 ponere.

138 2875 255 2944 ideoque
265 2882 388 2928 sanctum
400 2870 477 2926 nobis

104 2965 259 3022 Gabrielem
272 2964 367 3036 dirige,

104 3053 155 3121 Qui
169 3061 194 3109 te
207 3061 321 3108 matrem
337 3051 384 3107 liei
396 3051 438 3107 sui

105 3145 239 3201 Salutavit
251 3156 379 3215 congrue.

139 3239 228 3308 Atque
238 3245 333 3293 sancte
349 3232 541 3306 gravidandam

105 3330 273 3387 Praeconnvit
291 3327 412 3394 demine,

104 3425 214 3492 Absque
229 3423 404 3494 generatione

106 3513 242 3568 Naturalis
254 3512 366 3581 copulae.

141 3603 229 3673 ipsum
245 3616 310 3671 ergo
324 3601 358 3655 ad
374 3600 491 3657 tenebis

106 3693 279 3750 Causidicum
293 3693 393 3759 tribue,

108 3783 153 3839 Uti
168 3784 216 3840 tibi
232 3800 326 3855 preces
337 3793 444 3841 nostras

63 3885 65 3889 ’
107 3876 240 3949 Dignetur
252 3890 407 3950 suggerere.

142 3972 307 4042 t‘oeteseque
318 3971 399 4027 corda
413 3979 505 4025 trustra

108 4064 192 4122 Curet
208 4062 398 4128 medicamine,

89 4157 242 4231 ‚eroniam
257 4163 320 4211 sunt
335 4153 448 4209 vanitati

110 4249 223 4311 Subdita
239 4246 383 4317 superllue.

146 4339 199 4394 Sed
211 4348 248 4402 to,
262 4345 350 4393 muter
362 4335 489 4408 gloriosa,

110 4432 218 4489 Misenis
232 4439 398 4502 corrrpatere,

61 4522 67 4534 ’
110 4523 236 4579 Tendens
249 4531 353 4587 autem,
367 4523 389 4577 si
404 4521 464 4591 quis
474 4521 539 4590 petit

112 4619 167 4674 Sua
183 4619 291 4673 vincula
308 4618 423 4672 solvere.

147 4711 204 4769 Nec
219 4711 369 4782 dedignans
388 4711 550 4768 miserorum

111 4803 261 4861 AErumnas
276 4798 437 4856 attendere:

113 4897 166 4952 Sed
179 4903 272 4966 parata
288 4894 425 4949 invocanti

112 4988 229 5044 Cuilibet
245 4999 415 5042 succurrere.

148 5082 299 5151 Opatruna
316 5087 504 5150 peccatorum3

113 5171 172 5227 lluc
185 5171 218 5225 ud
232 5183 282 5224 nes
295 5175 453 5224 convertere
469 5187 476 5223 ε

113 5258 250 5314 lliustrato
264 5266 351 5313 terras
362 5266 477 5323 nostras,

117 5348 212 5403 Vultus
226 5347 264 5402 tui
277 5347 377 5403 sidere.

149 5441 184 5496 m
199 5457 232 5497 eu
248 5442 292 5497 illa
307 5443 370 5498 sede
384 5451 427 5497 tua

111 5533 230 5612 lienium
250 5532 328 5587 istam
340 5534 455 5601 respice,

113 5618 149 5688 fit
168 5620 326 5676 commenda
340 5621 472 5679 Salvatori

648 306 751 365 Locum
767 309 840 364 bunc
857 307 973 364 assidue

683 399 947 474 bebenigneuostri
961 414 1065 455 mentor
1102 405 1106 413 ·

649 493 704 551 lios
717 509 732 548 a
745 494 825 549 maiis
835 492 912 562 eripe
925 511 932 547 :

649 585 849 654 beneficiisque
863 584 917 640 tuis

649 675 822 734 incessanter
835 675 939 732 relere.

686 771 735 838 Qui
753 784 802 826 nos
818 768 866 826 tibi
876 769 1099 825 commendamus

652 861 724 917 Satis
738 859 905 924 necessarie,

651 953 828 1025 implorantes
839 968 918 1024 opem
929 960 1016 1018 tuam,

653 1045 740 1117 Super
753 1061 801 1101 nos
814 1043 979 1101 descendere
993 1060 1001 1097 :

688 1138 740 1194 Pro
755 1135 873 1208 peccatis
886 1134 986 1205 quippe
1001 1133 1102 1191 nostris

653 1233 826 1289 Tribulamur
841 1229 968 1299 undique,

654 1322 687 1377 Et
704 1319 904 1392 praevaluerunt
919 1317 947 1372 ln
964 1305 1014 1373 nos

654 1417 777 1472 llostium
791 1413 905 1470 insidia.

689 1508 739 1575 Qui
755 1520 805 1561 nos
824 1502 1033 1573 dentegenuino

654 1597 711 1652 Non
726 1604 834 1652 cessant
848 1592 993 1649 corrodere
1007 1609 1015 1648 a

619 1754 625 1765 .
654 1686 710 1742 lieu
725 1684 832 1740 miserit
849 1698 899 1738 eur
911 1695 971 1737 sum
988 1689 1069 1738 natus

654 1778 739 1833 Tanta
755 1776 826 1831 mala
838 1773 970 1832 cernere?

688 1871 773 1927 liater
785 1872 839 1942 pia,
852 1866 929 1926 stella
942 1865 1038 1931 maris,

652 1966 680 2021 ln
696 1967 748 2023 hoc
767 1965 908 2021 consolare
924 1975 978 2026 me,

653 2059 686 2115 Et
705 2059 793 2115 amico
805 2057 853 2113 bei
865 2066 963 2128 niagno

653 2150 766 2206 Nicolao
782 2146 907 2204 condole.

689 2234 975 2307 mmmfflm

653 2328 810 2401 cunegundi
827 2324 951 2392 condole,

654 2424 736 2495 Cujus
749 2436 817 2494 pene
828 2420 885 2489 iarn
899 2415 1000 2475 deleuit

655 2515 746 2570 llortor
765 2510 942 2583 llcipublicae,

689 2602 754 2657 Esto
771 2597 829 2669 ejus
840 2598 995 2653 interventu

655 2693 753 2750 Custos
770 2688 849 2759 buius
865 2688 961 2754 uineae,

656 2783 690 2840 Et
701 2779 873 2839 circumdans
883 2791 944 2835 eam
958 2791 1037 2834 muro

657 2875 804 2945 Rapicntes
818 2873 851 2928 ab
863 2872 934 2944 igne.

692 2965 830 3031 Palmites,
846 2978 915 3036 quos
929 2962 1054 3035 produxi,

656 3059 812 3116 benedicet
825 3066 936 3129 protege
951 3072 959 3110 a

656 3154 715 3224 lpsa
728 3152 826 3224 quippe
841 3161 867 3206 te
883 3149 977 3207 dilexit

656 3248 896 3305 effectuosissime.

692 3338 806 3408 Semper
819 3336 918 3390 ardens
934 3347 995 3390 esse
1011 3341 1063 3387 tuae

657 3425 808 3484 Corrrmuda
823 3423 963 3480 Ecclesie.

659 3518 730 3588 Ergo
742 3524 770 3572 et
788 3523 818 3569 tu
831 3526 925 3570 seruus
938 3511 996 3584 ejus

660 3607 863 3680 Consequenter
878 3603 970 3677 dilige.

695 3700 843 3757 consolare
861 3698 1016 3764 destitutos,

661 3787 757 3858 lapsis
771 3802 881 3843 manum
897 3785 1017 3858 porrige,

662 3883 745 3955 308
761 3883 794 3937 lit
806 3881 874 3938 educ
888 3882 922 3937 de
936 3879 992 3936 luto
1007 3878 1083 3944 fecis,

663 3974 696 4028 Et
710 3974 768 4029 lacu
784 3974 910 4029 miserim.

698 4064 754 4121 Nee
767 4081 817 4122 nos
831 4068 926 4122 mortis
941 4066 1114 4135 sempiternae

663 4157 900 4228 comprehendant
917 4155 1036 4212 tenebrae
1050 4172 1081 4234 a,

665 4247 717 4303 Sed
737 4247 853 4303 illustret
868 4256 973 4303 memes
988 4255 1096 4302 nostras

663 4339 722 4395 Lux
739 4338 858 4394 coelestis
871 4339 975 4410 gratie.

700 4435 775 4492 bunc
789 4434 866 4506 cujus
882 4435 977 4491 sordes
994 4443 1083 4489 tantas

664 4527 812 4583 Possumus
827 4527 944 4582 euadere
958 4542 965 4580 :

664 4619 768 4687 Quibus
787 4619 908 4674 membra
923 4632 988 4674 suus
1003 4616 1118 4672 mundus

665 4711 762 4768 Polluit
780 4708 893 4765 nelarie.

702 4801 742 4856 Tu
756 4816 786 4857 es
800 4802 873 4857 enirn
888 4809 974 4855 mater
984 4799 1096 4864 Christi,

667 4890 765 4948 Suavis
780 4891 929 4956 meruerim,

669 4985 710 5044 Ob
723 5001 804 5058 quarn
823 4985 973 5041 nobissunt
988 4992 1089 5052 apertae

669 5079 791 5136 Paradisi
803 5080 904 5149 januae.

705 5172 770 5240 Qum
782 5182 835 5225 tarn
850 5179 947 5241 potens
960 5183 990 5224 es
1001 5169 1029 5225 in
1043 5168 1117 5224 ornei

669 5261 803 5319 Bonitatis
813 5276 904 5332 opere,

671 5351 706 5409 lit
717 5354 826 5409 cornino
841 5352 876 5408 sit
890 5351 1010 5416 beatum

671 5438 763 5506 Qualis
778 5440 815 5494 sis
828 5452 985 5509 agnuscere.

705 5530 878 5585 Benedicturn
892 5542 989 5584 nemen
1002 5529 1072 5595 rjus,

671 5621 801 5679 Sanctum
820 5629 848 5677 ct
863 5619 995 5685 terribile,

1207 303 1258 374 eur
1273 323 1323 380 per
1335 314 1428 366 orbern
1442 312 1521 359 tuum
1535 314 1649 360 nornen

1207 392 1285 450 Fecit
1303 410 1363 452 esse
1379 393 1498 450 celebre.

1243 479 1294 537 Per
1304 496 1385 551 quam
1398 489 1493 551 posset
1506 478 1568 535 reis
1587 474 1652 532 suis

1205 570 1321 627 Peccata
1336 571 1486 627 remittere.

1206 659 1320 731 Semper
1334 669 1438 730 quase,
1453 659 1502 730 pia
1518 657 1614 726 virgo

1207 749 1257 807 blei
1274 749 1458 805 reminiscere.

1243 838 1411 909 Semperque
1420 835 1555 892 ueritatis

1207 928 1282 984 Dona
1299 927 1364 982 mibi
1378 925 1485 992 obtine,

1207 1015 1244 1071 Ut
1255 1030 1298 1071 me
1308 1030 1358 1071 sue
1373 1021 1486 1069 tueatur

1207 1105 1292 1162 Sacro
1311 1104 1513 1162 moderamine.

1242 1193 1337 1265 Sitque
1349 1206 1417 1248 meae
1429 1205 1516 1261 prece
1535 1199 1590 1248 tua

1206 1282 1367 1342 consolator
1380 1286 1493 1351 animae,

1207 1382 1240 1438 Et
1254 1381 1378 1437 infundat
1389 1379 1542 1452 peccatricl

1207 1474 1301 1533 Oleum
1318 1474 1345 1530 in
1363 1473 1502 1545 lampade.

1242 1566 1301 1634 Quo
1315 1573 1409 1636 parata
1424 1564 1517 1634 possit
1531 1577 1650 1635 sponse

1207 1652 1318 1712 leesti
1335 1666 1494 1708 occurrere.

1208 1742 1267 1797 dre
1278 1738 1361 1810 Virgo
1372 1738 1536 1810 singularis,

1208 1832 1324 1889 Sumens
1338 1828 1390 1886 boc
1401 1829 1580 1897 benigniter,

1243 1922 1300 1975 lire
1316 1919 1445 1989 templum
1459 1919 1630 1991 gratiarum

1209 2012 1337 2069 Omnium
1351 2010 1473 2083 capabile
1489 2028 1496 2063 ε

1208 2108 1266 2163 due
1277 2105 1354 2176 cujus
1368 2111 1534 2177 peccatores

1209 2205 1531 2275 Pascuuteleemosynae.

1241 2298 1338 2364 ‚Gaude
1352 2296 1427 2362 lellx,
1440 2305 1469 2351 ct
1483 2312 1521 2352 ex
1537 2297 1611 2367 ipsis

1212 2394 1298 2452 Unam
1310 2392 1378 2449 mibi
1393 2391 1494 2453 tribue,

1212 2477 1247 2539 llt
1258 2479 1363 2537 sublata
1375 2478 1512 2548 perhanc
1530 2477 1613 2533 omni

1210 2567 1335 2626 llostium
1349 2564 1508 2628 formidine,

1246 2658 1380 2715 Sinedne
1389 2655 1494 2730 possim
1509 2656 1567 2712 lieu

1211 2751 1322 2808 Gratias
1332 2749 1495 2822 rependere.

1211 2843 1378 2901 Benedicent
1390 2850 1418 2896 te
1429 2855 1480 2912 per
1489 2854 1581 2895 aerum

1212 2935 1333 2993 Virtutes
1348 2933 1490 3006 angelice.

1247 3030 1282 3087 lit
1293 3031 1327 3087 ad
1339 3029 1448 3085 laudern
1460 3025 1601 3085 Creatoris

1212 3119 1251 3177 'le
1264 3120 1292 3176 iu
1311 3119 1385 3176 nmni
1398 3127 1528 3189 tempore,

1213 3213 1313 3270 Omnes
1330 3212 1419 3268 sancti
1429 3208 1597 3267 benedicant

1212 3301 1524 3369 &mmmmm

1214 3404 1322 3448 EUNUS
1336 3403 1472 3446 OECUNPUS
1492 3402 1520 3442 tit
1540 3399 1667 3442 utvsasts
1684 3399 1748 3442 m·

1252 3477 1293 3516 ΤΕ
1321 3474 1368 3514 tint
1396 3471 1554 3516 assertrices
1591 3469 1747 3514 Cdlll'fflllss

1250 3544 1400 3588 subeuntis.

1250 3623 1308 3678 due
1321 3635 1419 3691 sponsa
1440 3618 1619 3691 insponsata,

1215 3711 1268 3768 Per
1284 3726 1365 3783 quam
1377 3709 1453 3766 orbis
1463 3724 1582 3781 prorsus
1595 3710 1665 3780 lapsi

1216 3802 1298 3858 Facta
1313 3808 1355 3858 est
1372 3801 1488 3871 ereptio,

1215 3903 1273 3957 Are
1287 3915 1336 3970 per
1352 3913 1434 3969 quam
1447 3899 1547 3968 primae
1559 3900 1661 3956 matris

1216 3994 1265 4049 Est
1277 3993 1340 4048 Erae
1354 3990 1518 4061 redemptio,

1217 4090 1317 4144 Sancta
1333 4084 1428 4148 llaria,
1440 4098 1490 4139 ora
1502 4099 1554 4155 pro
1569 4085 1662 4143 nobis.

1290 4180 1343 4233 Aue
1356 4194 1464 4247 sponsa,
1481 4186 1538 4233 etc.

1255 4270 1375 4327 Altitudo
1390 4268 1534 4340 cogitandi

1218 4363 1258 4420 'lu
1273 4360 1477 4425 inaccessibilis,

1216 4451 1353 4516 lnuisibile
1368 4449 1534 4521 protundum

1217 4539 1381 4612 Angelorum
1397 4536 1496 4592 oculis.

1219 4641 1297 4710 Χαῖρε
1312 4629 1501 4706 ηχαριτομίνη

1219 4721 1331 4786 bardane
1343 4723 1465 4798 rrt'tpdrur,

1220 4813 1320 4870 Sancta
1331 4812 1377 4869 liei
1387 4811 1517 4883 genitrix,
1532 4824 1585 4866 era
1602 4824 1656 4882 pro
1666 4808 1751 4868 nobit.

1291 4904 1460 4974 decapenta,
1478 4909 1536 4958 etc.

1260 4991 1356 5048 Omnia
1372 4996 1525 5060 portantem
1538 4999 1672 5059 portam,
1750 5031 1753 5035 .

1226 5086 1329 5140 Solium
1343 5083 1448 5152 imperii

1226 5173 1265 5227 Tu
1277 5173 1354 5228 stella
1366 5172 1559 5228 demonstrans
1571 5172 1675 5241 selem,

1227 5264 1274 5320 Sol
1287 5261 1340 5321 diei
1354 5262 1476 5335 mystici;

1226 5353 1380 5410 Occidentis
1393 5360 1495 5407 astrum
1512 5353 1626 5419 mundi,

1227 5450 1349 5504 Lunrinis
1365 5447 1517 5518 conspicui,

1228 5545 1327 5617 Sancta
1348 5544 1429 5613 Virgo
1455 5545 1606 5618 virginum,
1638 5561 1688 5602 ora
1713 5558 1760 5617 pru

1619 5640 1728 5718 inultis,
