3690 6008
98 214 166 274 {055
364 210 392 267 S.
412 208 563 266 nassutti
578 208 754 266 cedrusii.
769 207 928 263 AllClllliP.
947 207 1022 265 OPP.
1045 206 1133 263 PARS
1149 205 1193 260 lll.
1208 233 1244 246 -
1263 185 1452 257 brtsrcb'AE.
1692 194 1748 249 tusi

46 339 51 349 '
96 326 248 390 immusici
263 339 347 381 crore
364 333 389 378 te
402 323 566 392 impedieris,
582 323 668 377 iratus
682 322 811 377 Dominus
829 325 913 395 ju-lt
937 335 988 372 non
1004 327 1029 372 te
1042 316 1127 372 lucios
1145 313 1285 369 inimicum
1307 319 1335 366 et
1356 307 1530 365 contrarium
1552 305 1748 376 omnipotentis

96 423 160 475 bont
175 429 201 475 te
214 415 350 481 succendi,
365 423 395 468 et
409 413 456 468 tibi
473 413 572 468 ostium
585 413 646 466 vitoe
659 421 767 468 eternae
784 417 810 468 in
823 431 887 486 per·
940 410 998 464 Dt'i·
1013 409 1126 478 Pfflllflf
1139 405 1353 478 ¹¹¹²li¹¹¹²¹¹d¹¹¹⁸¹¹²
1369 411 1397 459 0‘
1418 402 1560 458 ‘mecum'
1582 399 1690 456 ΝΜ
1711 402 1749 459 1)οῙ

97 521 209 579 pcrunm
222 506 373 561 claudatur.
389 504 527 573 Cognosce
542 518 643 573 crgo,o
656 503 749 572 homo,
758 505 889 562 bonorem
939 499 1076 556 Christum
1084 498 1227 554 Dominum
1244 511 1297 552 non
1312 505 1338 550 te
1351 494 1436 550 iacias
1446 493 1565 549 socium
1583 492 1746 558 daemonum¹

96 607 183 660 trrrnn,
199 602 225 648 ιι
239 595 342 647 tionom
360 591 516 645 Creatorem
544 599 629 645 tunm.
646 589 699 646 Sed
724 593 793 647 lien!
810 593 891 650 bodie
940 599 969 647 et
985 589 1201 647 combustionem
1229 588 1301 658 ignis
1324 587 1436 664 aetemi,
1459 584 1510 656 qui
1540 585 1710 655 redemptus
1725 601 1748 640 er

99 695 174 741 recte
187 690 275 753 potest
286 682 338 737 dici
354 683 387 736 de
400 688 437 746 tc,
452 683 533 737 bomo
551 700 558 735 ι
576 681 662 736 Homo
677 698 736 737 cnm
751 684 778 739 in
793 685 890 741 bonore
940 681 1139 754 pretiosissimo
1159 679 1291 749 sunguine
1309 677 1380 748 dgni
1403 675 1685 733 immaculatissimi.
1701 674 1747 732 lioli

97 785 164 832 esset
179 791 230 829 non
242 772 386 837 immicum
398 783 566 842 comparatus
577 781 616 827 est
626 772 753 842 incientis
767 775 891 844 insipien·
941 783 1047 830 tantum
1059 773 1177 844 pretium
1192 769 1379 842 vilipendere,
1392 769 1466 839 quod
1480 784 1535 840 pro
1555 777 1586 824 te
1605 767 1693 825 Filius
1709 769 1747 826 be

97 867 166 921 tibus
179 877 203 920 ct
212 864 305 919 similis
320 863 406 932 (nctus
417 878 453 916 en
467 862 530 916 illis.
541 862 655 932 Dignum
667 872 742 919 certe
751 864 889 933 etjustum
941 868 1069 936 dignatus
1082 876 1125 922 est
1138 864 1289 929 exsolvere,
1308 877 1341 917 ne
1357 859 1540 931 sempiternis
1556 858 1747 917 involvarisiu

98 965 141 1012 est
156 964 185 1009 ut
199 955 245 1025 qui
259 953 345 1009 noluit
360 967 422 1009 esse
443 952 533 1008 socius
544 953 719 1024 angelorum,
736 955 783 1009 bat
793 954 893 1011 similis
941 961 1056 1016 certetis.
1073 960 1149 1015 Tune
1161 959 1234 1015 enim
1249 955 1436 1027 paenitentiam
1452 952 1619 1009 maximam
1635 955 1746 1018 babebis.

95 1046 293 1117 iumentorum,
310 1043 397 1112 etqui
413 1042 548 1097 destruxit
563 1042 589 1096 in
607 1057 637 1097 se
651 1043 795 1113 imaginem
807 1053 835 1100 et
852 1044 891 1101 si·
940 1049 987 1106 sed
1003 1049 1062 1104 sine
1084 1046 1215 1104 remedio.
1234 1044 1310 1100 Tunc
1335 1041 1458 1099 dolorem
1484 1040 1697 1113 inopinabilem
1709 1059 1747 1113 pe

98 1138 280 1193 militudinem
297 1137 355 1204 liei,
371 1135 480 1206 dignum
493 1143 534 1190 est
550 1146 579 1190 ut
592 1135 682 1205 imago
700 1146 729 1192 et
742 1135 890 1193 similitudo
940 1137 1028 1202 tieris.
1044 1137 1091 1192 sed
1103 1136 1164 1191 sinc
1179 1136 1234 1190 line
1250 1132 1393 1189 tormentis
1406 1131 1509 1201 plenus
1523 1132 1603 1198 eris,
1619 1148 1746 1204 nunquan

95 1227 281 1299 juncentorum
297 1228 435 1283 nrlbrcreat
454 1229 489 1284 ei.
507 1228 647 1301 Cognosce
667 1243 733 1299 ergo
748 1238 791 1298 te,
806 1229 891 1287 miser
940 1238 1031 1285 tamen
1045 1227 1224 1282 alleviaberis.
1242 1227 1311 1294 Quia
1332 1225 1458 1296 quisquis
1475 1238 1533 1278 non
1564 1223 1662 1292 flebit,
1679 1224 1747 1282 dcndi

96 1320 188 1385 horno,
204 1335 337 1391 cognosce
353 1330 380 1375 te
394 1319 531 1375 meliorem
547 1335 608 1376 esse
621 1321 727 1387 aribus,
739 1321 889 1392 digniorem
941 1323 1004 1379 dum
1021 1332 1127 1390 tempus
1140 1319 1378 1385 hebebit‚aeterno
1394 1317 1471 1374 luctu
1492 1315 1624 1387 lugebit,
1639 1317 1687 1373 sed
1700 1318 1747 1375 sine

96 1411 202 1466 cunctis
217 1410 411 1466 animantibus.
423 1409 482 1466 Noli
499 1410 597 1466 similis
610 1424 671 1466 csse
684 1409 813 1479 jumentis
825 1411 890 1466 insi·
941 1411 1042 1467 [ructu.
1061 1410 1127 1465 liedi
1141 1425 1207 1482 crgo
1221 1409 1254 1464 ad
1266 1418 1302 1473 ιι,
1315 1407 1385 1474 redi,
1404 1422 1456 1465 nec
1468 1405 1572 1462 tardes
1587 1407 1746 1463 conveniri

96 1501 244 1573 pientibus,
260 1518 320 1572 quae
343 1511 448 1557 tontum
464 1502 548 1556 vitam
575 1510 736 1571 praescntem
758 1502 888 1572 cogitant,
941 1502 1015 1559 iilum
1029 1503 1075 1573 qui
1094 1512 1121 1557 te
1137 1517 1187 1557 sue
1203 1507 1339 1570 potestate
1350 1499 1428 1566 lecit,
1443 1516 1498 1557 sua
1513 1499 1667 1572 supientia
1683 1499 1747 1556 rede·

96 1608 158 1662 quse
170 1599 275 1647 tontum
289 1592 411 1647 carnalia
426 1600 454 1646 et
466 1591 618 1661 corporalia
630 1599 770 1661 appetunt,
781 1601 889 1648 terrena
941 1595 1000 1659 mit,
1027 1609 1077 1649 sua
1103 1592 1278 1648 inenarrabili
1305 1592 1430 1648 bonitate
1458 1593 1495 1649 ad
1522 1609 1559 1649 se
1584 1593 1705 1657 vocavit.
1725 1601 1749 1647 et

98 1691 126 1737 et
140 1681 299 1750 temporalia
315 1681 442 1751 diligunt,
457 1681 521 1751 quia
536 1681 652 1736 neoclis
667 1680 765 1737 sciunt.
910 1692 1086 1753 ssexspectat
1098 1670 1188 1739 adbuc
1199 1683 1332 1753 quotidie,
1345 1691 1373 1738 et
1385 1684 1548 1739 coronabit.
1568 1682 1647 1752 Quid
1662 1683 1748 1755 queris

135 1770 232 1836 Homo,
257 1785 310 1825 non
339 1779 365 1825 te
387 1770 514 1841 subjicias
536 1769 624 1837 carni,
647 1784 701 1824 noo
721 1770 759 1825 sis
786 1779 891 1828 arcator
943 1786 1022 1831 extra
1045 1774 1140 1830 illumi
1154 1774 1243 1843 Quidi
1265 1775 1335 1842 Quid
1350 1775 1495 1832 desideras
1519 1785 1634 1848 praeter
1656 1775 1749 1848 ipsunt

99 1864 202 1918 mundi.
220 1862 276 1918 Nec
291 1873 316 1918 te
330 1863 464 1919 sustineas
478 1877 539 1919 esse
551 1861 637 1917 lilium
652 1862 765 1928 diaboli,
780 1872 891 1935 propter
945 1866 1014 1934 Quid
1027 1866 1075 1922 tibi
1085 1865 1176 1936 placet
1188 1844 1246 1922 sine
1258 1865 1335 1934 ipsoi
1349 1865 1408 1933 lpse
1421 1863 1491 1922 lecit
1504 1867 1624 1932 omniu,
1641 1868 1698 1938 ipse
1711 1866 1750 1922 ba·

97 1953 229 2008 lronorem
241 1952 634 2022 potentissimi,sapientissimi
646 1960 673 2008 et
685 1951 892 2024 incompreben·
944 1957 991 2013 bet
1002 1956 1106 2024 omnia,
1121 1957 1179 2027 ipse
1193 1962 1235 2012 est
1254 1955 1356 2011 omnin.
1372 1954 1517 2027 Quidquid
1537 1957 1652 2015 bonum
1672 1957 1749 2028 copis.

97 2043 186 2098 sibilis
208 2043 296 2098 Patris
314 2045 351 2098 tui
366 2044 493 2100 altissimi
517 2044 577 2099 bei.
592 2042 709 2114 Propter
733 2044 891 2103 admirabile
945 2047 1075 2118 quidquid
1099 2047 1241 2119 pulchrum
1256 2047 1366 2118 queris,
1381 2046 1520 2117 quidquid
1541 2048 1631 2106 dulce
1647 2049 1749 2105 etdelc-

99 2149 197 2188 nomcn
215 2135 260 2190 [ici
272 2135 365 2190 aeterni
382 2150 435 2191 non
453 2143 479 2191 te
494 2137 646 2193 constituas
662 2135 849 2192 adversarium
865 2145 892 2192 et
946 2138 1045 2194 ctabile
1071 2137 1199 2207 requiris,
1214 2146 1300 2192 totum
1319 2136 1346 2190 io
1361 2135 1420 2205 ipsc
1432 2135 1580 2204 invenies,
1595 2149 1627 2195 et
1650 2139 1678 2193 in
1699 2139 1750 2211 ipso

98 2223 264 2281 homicidam
284 2226 333 2283 tui.
352 2226 468 2298 Propter
490 2243 611 2285 amorem
636 2230 823 2303 benignissimi
845 2229 891 2285 liei
947 2229 1110 2301 perstiterim
1125 2229 1148 2285 si
1163 2230 1283 2300 gaudere
1296 2229 1347 2294 vis,
1366 2229 1425 2299 ipse
1439 2231 1583 2303 gaudium
1599 2240 1655 2299 cst.
1669 2238 1721 2288 etc·

369 2452 560 2533 Exponente
587 2455 741 2535 magistro
754 2454 928 2524 dunelmo.
943 2454 1009 2516 boec
1027 2449 1158 2529 collegit
1179 2451 1217 2510 N:
1234 2449 1469 2512 amanuensis.

714 2595 774 2666 (Ec
784 2613 848 2653 mtt.
860 2594 1021 2653 corbeiensi.
1038 2614 1060 2651 s.
1076 2593 1152 2667 596.)

134 2734 206 2791 Deus
221 2731 278 2789 solo
292 2731 375 2790 verbo
387 2731 429 2789 vel
440 2730 581 2789 voluntate
590 2729 892 2804 plasmavitbominem,
946 2745 1012 2802 pore
1026 2745 1076 2802 pro
1090 2746 1144 2801 quo
1157 2729 1253 2798 inciso,
1268 2744 1322 2786 non
1335 2728 1483 2797 inciditcr;
1497 2741 1751 2803 augmentato,nou

99 2841 153 2882 non
167 2841 215 2897 per
231 2824 406 2898 angelum,ut
417 2825 527 2895 quidam
542 2823 646 2880 volunt.
660 2823 693 2881 Et
705 2832 769 2880 ncta
782 2825 855 2895 quod
866 2825 893 2880 in
947 2830 1153 2894 augmentatum
1175 2821 1328 2887 imminuto,
1342 2835 1397 2876 ncn
1413 2820 1612 2889 imminuitur:
1627 2827 1712 2882 etsie
1726 2835 1753 2882 ut

98 2916 161 2973 aliis
171 2917 299 2987 operibus
309 2916 346 2971 ait
360 2916 475 2973 Genesis
490 2915 584 2972 :llicit
599 2916 684 2985 deus,
698 2925 723 2972 ct
739 2916 810 2987 [octo
821 2926 891 2972 sunt.
947 2913 981 2967 ad
994 2912 1199 2969 similitudinem
1208 2911 1256 2967 liei
1268 2910 1339 2967 istud
1354 2911 1592 2983 sciendum,quod
1604 2913 1753 2985 Scriptura

101 3006 156 3064 Sed
171 3022 232 3064 curn
244 3007 279 3063 de
293 3008 433 3064 creatione
449 3007 570 3065 bominis
582 3006 741 3078 loqueretur
755 3006 793 3063 ait
810 3024 816 3061 ε
831 3006 893 3062 llo-
948 3019 1012 3061 raro
1024 3004 1090 3061 dicit
1102 3003 1240 3060 bominem
1251 3002 1398 3073 imaginem
1409 3003 1466 3070 liei,
1484 3004 1559 3074 qnod
1569 3003 1623 3060 soli
1642 3019 1752 3062 conre-

99 3115 149 3154 mtr
162 3097 210 3153 liei
228 3097 342 3168 iecerunt
355 3099 487 3154 bominem
497 3114 507 3164 ,·
518 3096 561 3154 vel
578 3115 585 3151 ε
598 3096 743 3152 Faciamus
762 3096 892 3151 bominem
948 3096 988 3152 nit
1000 3096 1070 3151 Filio
1083 3096 1143 3161 liei,
1157 3092 1205 3151 sed
1219 3094 1253 3150 ud
1266 3094 1424 3164 imaginem.
1443 3092 1615 3164 Augustinus
1629 3112 1637 3149 ι
1653 3092 1752 3151 Omnis

98 3189 135 3243 cd
145 3189 285 3260 imaginem
302 3197 326 3244 et
336 3187 534 3243 rintilitudincm
549 3196 676 3253 nostratis,
692 3203 746 3244 non
760 3186 834 3256 quod
847 3194 889 3239 ta·
905 3147 928 3210 c
943 3187 1115 3255 Adummim
1129 3186 1182 3243 cult
1199 3202 1317 3258 percerte
1328 3202 1385 3241 etse
1396 3183 1497 3250 similit,
1507 3184 1581 3238 cudit
1595 3185 1627 3240 in
1642 3184 1750 3256 cnpticr'·

99 3294 161 3336 nien
178 3280 264 3350 magis
281 3277 369 3335 lactus
385 3279 420 3335 sit
434 3293 516 3350 quam
535 3279 604 3346 alia;
619 3278 667 3335 sed
689 3286 720 3333 ut
733 3278 890 3335 ostendatur
943 3290 1034 3346 tutem,
1051 3281 1120 3335 unde
1135 3279 1229 3334 clamet
1247 3279 1281 3332 ud
1292 3295 1352 3333 eum
1367 3295 1384 3332 a
1397 3292 1446 3348 quo
1457 3276 1552 3332 cecidit
1571 3276 1665 3345 :Quis
1677 3279 1749 3332 simi·

100 3372 219 3440 dignitas
242 3371 372 3440 bominis,
387 3371 433 3442 qui
448 3372 483 3428 ab
507 3372 565 3442 ipso
587 3386 693 3427 summo
706 3370 762 3428 Dec
786 3369 890 3426 artifice
944 3373 977 3430 lis
992 3377 1058 3430 tibi?
1068 3376 1117 3431 Est
1130 3384 1221 3430 autem
1235 3374 1317 3429 homo
1336 3374 1427 3444 justus
1440 3371 1488 3441 qui
1506 3370 1600 3442 diligit
1614 3373 1746 3453 inimicos¹

98 3479 153 3519 non
179 3464 212 3518 ab
233 3464 376 3534 opilicibus
389 3461 458 3533 ejus,
480 3474 508 3519 et
532 3479 594 3519 cum
615 3463 729 3519 consilio
741 3477 838 3534 magno
851 3463 891 3518 sic
944 3473 972 3520 et
987 3464 1124 3522 benefacit
1138 3466 1190 3531 eis,
1203 3464 1300 3520 similis
1310 3472 1353 3519 est
1372 3462 1428 3518 beo
1444 3462 1481 3516 ed
1494 3460 1578 3529 cujus
1601 3463 1746 3532 imaginem

99 3549 199 3607 faetus·
215 3552 257 3608 Ad
268 3552 415 3623 ifflflsslssssm
431 3552 478 3607 ὓθῑ
492 3552 592 3608 difflui
604 3568 675 3618 0⁸⁵0,
695 3553 757 3622 ‘1⁰1³
773 3552 894 3608 mimit-
947 3560 1034 3614 iactus
1048 3565 1100 3622 est,
1116 3556 1162 3626 qui
1180 3556 1266 3611 solem
1293 3553 1535 3610 suumlucitoriri
1567 3552 1746 3624 superjustos

99 3643 135 3700 lis
147 3652 176 3698 et
191 3643 299 3714 sapiens
311 3652 341 3698 ut
356 3643 441 3700 Deus.
463 3644 503 3698 nd
528 3645 732 3701 similitudinem
760 3644 808 3700 ita.
824 3645 896 3700 Deus
948 3658 975 3707 et
998 3649 1125 3719 injustos,
1141 3657 1169 3702 et
1196 3647 1264 3716 pluit
1288 3661 1369 3715 super
1388 3646 1478 3717 justos
1502 3656 1532 3700 et
1556 3644 1689 3714 injustos;
1703 3647 1745 3702 scd

101 3752 172 3792 nnus
189 3744 241 3802 est,
260 3749 313 3791 non
328 3743 358 3792 ut
370 3751 420 3791 nos
432 3737 460 3791 in
475 3736 574 3808 quibus
588 3737 707 3803 diversa,
722 3745 753 3792 ut
770 3735 897 3792 substan-

101 3826 146 3883 tiae
160 3826 201 3882 vel
214 3827 366 3883 accidentia
380 3827 513 3883 uniuntur
536 3827 563 3883 in
588 3842 683 3895 unum,
696 3829 744 3884 sed
767 3824 896 3882 inellabili

102 3920 225 3975 modoet
239 3919 265 3974 in
280 3919 405 3974 omnibus
415 3928 467 3986 est,
480 3919 608 3974 etomnia
624 3918 750 3989 complet,
767 3926 896 3973 ettamen

101 4025 152 4081 pro
179 4013 260 4068 rebus
287 4012 457 4067 immutatur.
471 4012 526 4067 lllis
551 4011 655 4077 incisis,
674 4025 726 4065 non
748 4009 894 4072 inciditur;

103 4104 247 4169 truncatis,
263 4118 316 4159 non
332 4111 486 4171 truncatum
496 4103 689 4174 augmentatis,
702 4116 755 4158 non
767 4115 898 4172 augmen·
913 4168 918 4180 Ι

103 4199 195 4258 tatur;
220 4194 370 4260 diminutis,
391 4210 445 4250 non
466 4194 641 4260 diminuitur;
658 4192 815 4256 sordidatis,
843 4205 895 4245 non

106 4284 274 4340 sordidatur.
287 4285 363 4353 Quod
385 4286 407 4341 si
423 4293 561 4356 queratur
584 4283 719 4355 quomodo
739 4284 790 4339 boc
809 4292 899 4355 potest

82 4364 85 4369 ’
105 4375 181 4443 sciri,
202 4377 292 4433 anima
307 4388 350 4435 est
364 4377 427 4434 inde
443 4377 602 4444 similitudo,
617 4377 708 4432 anima
734 4385 764 4432 ut
786 4375 895 4447 incor-

949 3742 1008 3797 nnc
1022 3739 1178 3797 obedientia
1191 3747 1244 3804 cst,
1259 3755 1312 3794 non
1328 3738 1467 3807 superbia.
1488 3739 1538 3794 Est
1555 3752 1624 3809 ergo
1634 3737 1702 3794 bene
1712 3738 1744 3792 si·

950 3835 1022 3890 milis
1036 3834 1082 3904 qui
1098 3832 1187 3888 credit
1200 3832 1284 3886 Deum
1299 3844 1433 3887 summum
1449 3844 1525 3896 esse,
1537 3831 1616 3888 nullo
1626 3843 1743 3901 egerese

950 3939 1015 3978 vero
1026 3939 1079 3977 non
1095 3934 1143 3991 per
1156 3935 1196 3986 se,
1212 3919 1260 3974 sed
1274 3917 1345 3988 apud
1359 3917 1444 3972 ὓιιιιη
1457 3932 1522 3974 csse
1536 3936 1544 3972 ε
1567 3921 1617 3989 qui
1630 3932 1742 3987 semper

949 4032 978 4072 sc
989 4015 1046 4071 rult
1059 4029 1120 4069 esse
1132 4021 1163 4068 ut
1174 4012 1255 4079 licus,
1271 4026 1286 4067 a
1303 4009 1377 4066 nullo
1390 4019 1443 4065 cst.
1450 4009 1593 4068 Perverse
1605 4013 1662 4067 vult
1678 4011 1742 4066 sirni-

948 4110 982 4165 lis
992 4122 1063 4173 esse,
1074 4113 1105 4161 ut
1121 4103 1302 4174 diaboinsqui
1318 4102 1466 4159 noluitsub
1485 4117 1519 4159 co
1535 4118 1616 4171 esse;
1634 4105 1741 4162 etheum

950 4200 1044 4271 quim.
1059 4211 1155 4253 serviis
1174 4194 1262 4250 noluit
1275 4193 1360 4248 teneri
1373 4195 1623 4265 praeceptc‚voluit
1638 4204 1667 4251 ut
1679 4193 1742 4250 nullo

949 4291 999 4346 sibi
1012 4288 1170 4344 dominante
1183 4292 1256 4341 esset
1268 4284 1345 4355 quasi
1357 4285 1439 4341 Deus.

810 4514 1046 4530 -ᾕ

104 4577 255 4656 Magister
270 4579 442 4642 busclmus
457 4598 554 4660 super
567 4596 695 4643 versum
711 4578 802 4641 illum
821 4578 971 4640 :licccdot
983 4577 1063 4637 onim
1075 4593 1142 4635 cum
1158 4592 1214 4652 per
1231 4589 1319 4652 quem
1340 4571 1443 4647 omnio
1462 4579 1491 4630 ct
1504 4590 1549 4631 ex
1563 4591 1628 4652 quo
1648 4571 1742 4633 omnio

892 4726 899 4741 .
949 4679 992 4749 ‚l
1032 4722 1040 4740 .

142 4777 215 4832 licus
227 4774 400 4847 omnipotens
414 4779 436 4834 si
453 4780 552 4836 nullam
566 4779 675 4851 penitus
688 4679 902 4836 crootuglmflbid·
916 4698 940 4840 ἶ
952 4677 1131 4847 podnindtdn,
1158 4773 1275 4845 qualiter
1297 4774 1367 4830 bene
1396 4771 1517 4843 regendo
1547 4771 1661 4844 ipsum,
1676 4770 1745 4828 simul

105 4868 200 4933 sisset,
229 4866 257 4921 in
284 4869 374 4939 seipso
397 4869 476 4939 plene
495 4872 590 4926 beutus
605 4885 665 4926 esse
687 4870 785 4939 potuit,
801 4869 900 4939 qnippe

108 4959 187 5015 nullo
201 4959 336 5031 indigens,
349 4961 396 5016 sed
410 4958 519 5015 sibimet
541 4975 735 5032 usquequaque
750 4954 896 5018 sufficiens.

108 5052 209 5109 lloleos
228 5063 318 5108 autem
338 5069 370 5108 en
384 5068 490 5110 summa
504 5053 624 5111 bonitate
643 5062 797 5110 creaturam
812 5052 899 5107 beati-

110 5143 196 5211 ficari,
211 5143 283 5215 quod
304 5144 390 5216 ipsius
414 5153 518 5201 tantum
534 5145 688 5217 cognitione
707 5153 734 5200 et
748 5159 842 5200 anione
856 5143 898 5197 in-

110 5252 200 5291 curum
214 5246 284 5304 crat,
294 5239 428 5311 angelicas
442 5247 580 5295 creaturas
591 5237 680 5293 lecito
694 5238 792 5308 quibus
804 5236 897 5292 lauda·

111 5335 198 5397 retur,
212 5343 267 5385 non
281 5330 344 5386 utei
356 5331 389 5386 de
401 5329 481 5387 laude
496 5345 590 5386 corum
605 5328 706 5399 aliquid
720 5338 900 5395 accresceret,

111 5422 159 5475 scd
173 5422 248 5491 ipsis.
259 5421 345 5480 Porro
363 5424 458 5480 eadem
477 5423 610 5490 bonitate,
621 5429 651 5477 ut
669 5422 727 5479 laus
743 5421 901 5493 imperfecta

113 5527 168 5567 non
189 5513 274 5584 osset,
288 5531 445 5589 corpoream
460 5527 615 5574 creaturam
630 5518 750 5574 condidit
765 5533 797 5572 ac
814 5515 900 5573 beati-

114 5600 304 5665 beretonii.
319 5608 376 5666 llac
390 5610 423 5668 de
432 5623 514 5669 causa
529 5610 653 5683 spiritum
665 5610 826 5668 rationalem
840 5623 901 5665 cor-

954 4881 1015 4922 cum
1027 4879 1141 4936 corpore
1154 4864 1181 4919 in
1192 4863 1248 4920 lieo
1258 4850 1474 4927 beatificaretur}
1489 4861 1574 4918 etita
1591 4862 1651 4920 laus
1666 4861 1745 4917 liciab

953 4958 1027 5015 omni
1039 4965 1163 5013 creatura
1176 4956 1254 5027 plena
1269 4955 1425 5012 essetlnde
1438 4957 1574 5024 estquod
1588 4956 1684 5012 omnia
1700 4954 1746 5008 lao-

954 5051 1020 5106 dare
1032 5049 1118 5106 Deum
1139 5049 1276 5115 dicuntur,
1290 5048 1352 5104 dum
1374 5045 1526 5102 rationales
1542 5058 1693 5114 creaturis,
1706 5061 1746 5100 an·

954 5141 1006 5213 geli
1031 5140 1136 5198 scilicet
1149 5148 1177 5196 et
1193 5139 1328 5202 homines.
1351 5138 1448 5194 miram
1476 5137 1525 5194 liei
1547 5141 1705 5212 potentian
1727 5146 1749 5190 et

955 5234 1104 5290 bonitatem
1120 5241 1175 5288 tam
1191 5231 1218 5288 in
1234 5246 1274 5298 se,
1289 5245 1369 5302 quam
1383 5231 1410 5285 in
1426 5229 1538 5286 caetcris
1560 5232 1701 5288 creatoris
1713 5227 1748 5284 ni·

954 5335 1047 5381 tantur
1058 5334 1086 5381 et
1101 5324 1220 5379 laudant.
1234 5322 1282 5379 Sic
1306 5337 1370 5394 ergo
1386 5320 1536 5394 Apostolus
1562 5324 1628 5379 ait:
1648 5322 1749 5386 Propter

953 5434 1013 5473 eum
1026 5417 1126 5482 omnio,
1146 5415 1251 5472 scilicet
1262 5413 1424 5469 laudandum
1445 5421 1474 5469 et
1488 5412 1750 5485 glorificandumct

954 5523 1001 5579 per
1009 5523 1068 5563 mm
1079 5506 1168 5562 omnio
1179 5503 1366 5572 nibil,scilicet
1376 5503 1523 5576 superduc.
1533 5503 1618 5572 Quod
1630 5506 1752 5562 mserum

954 5612 1007 5672 est,
1018 5601 1073 5659 imo
1086 5600 1150 5673 quia
1166 5614 1259 5657 rerum
1278 5605 1334 5668 est,
1346 5598 1486 5656 bominem
1501 5596 1536 5654 ad
1559 5593 1753 5673 gloriamini
